1782 2996
780 141 1016 179 ..15-

181 253 254 279 non
278 242 398 279 interit
421 243 460 279 et
483 240 582 278 Enni
606 240 793 277 annalium
816 252 851 277 v.
867 238 937 276 561
954 237 1002 274 Μ.
1028 238 1173 275 navibus
1194 237 1459 283 explebant-sese
1477 240 1605 274 terras-

183 310 248 344 que
268 298 457 344 replebant,
480 296 590 345 paulo
616 296 761 344 saepius
782 296 959 345 usurpat:
982 294 1081 331 And.
1105 294 1176 330 386
1207 297 1247 330 ut
1268 295 1311 330 ab
1334 294 1398 330 illa
1431 294 1604 339 eoedudar,

185 355 245 392 1100
268 354 473 398 concludar,
510 353 645 391 Heaut.
670 352 741 390 218
772 363 856 390 nam
889 355 921 389 ct
944 351 1164 398 ooqnoscendi
1187 354 1220 387 et
1242 351 1442 398 &noscendi
1464 351 1607 387 dabitur

182 412 311 456 pemati
334 411 441 457 locus,
465 409 536 446 372
559 410 697 445 inversa
719 409 830 453 verba,
855 419 989 445 eversas
1010 409 1153 445 cervices
1175 411 1266 451 tuas,
1289 407 1437 444 Phorm.
1462 408 1533 444 305
1547 408 1606 444 110-

184 468 311 505 111111οη1
334 467 629 507 oomnwnstrarier
657 467 707 509 ,mi
739 467 844 502 istum
877 466 951 502 volo
985 469 1046 502 aut
1076 465 1136 502 ubi
1168 464 1297 501 habitet
1328 465 1606 511 demonstran-ier,

187 524 258 561 374
287 525 450 562 bonorum
482 526 647 567 extortor,
679 523 790 569 layum
821 525 1005 559 contortor.
1065 521 1131 560 sed
1161 520 1269 569 plane
1302 521 1492 559 contraria
1521 520 1606 558 huic

187 581 388 619 modestiae
413 582 472 618 est
495 591 558 616 ars
582 579 821 627 prologorum
844 578 1008 616 Terenti.

279 647 407 685 Plauti
429 646 668 695 prologorum
691 658 895 683 sermonem
917 645 1100 694 prolixum
1132 648 1172 683 et
1205 644 1419 693 argutulum
1449 644 1605 682 adfinem

187 717 267 742 esse
301 707 341 742 et
374 703 514 742 veteris
549 703 755 741 comoediae
778 707 818 741 et
841 703 1030 751 Euripidis
1061 702 1301 751 prologorum
1324 702 1484 740 sermoni
1517 705 1605 750 post

186 760 404 798 Frantzium
426 760 579 807 exposui
603 764 743 808 quaest.
767 759 824 796 Pl.
850 760 931 796 201.
994 759 1149 797 Το10011
1170 758 1319 806 prologi
1340 762 1384 795 ut
1406 771 1542 806 3011010
1565 763 1605 796 01

186 820 402 865 argumento
428 816 578 853 diversa
608 818 696 853 sunt
725 817 772 853 ab
805 816 903 862 illis,
940 816 994 853 sic
1024 815 1286 864 compositione
1320 817 1360 852 et
1389 815 1604 853 elocutione.

185 878 302 911 orator
325 875 373 910 ad
395 884 455 915 vos
479 874 576 909 venio
601 877 730 910 ornatu
746 874 893 920 proloqi,
919 877 1082 910 oratorem
1106 884 1179 909 esse
1203 873 1309 909 voluit
1325 884 1383 924 ‘me
1404 883 1475 909 non
1485 873 1605 918 prolo-

182 943 285 978 qum,
324 930 377 967 sic
401 930 556 967 Terenti
578 930 702 968 verbis
726 930 938 977 Ambivius,
976 933 1015 968 et
1038 931 1078 967 in
1102 930 1263 967 oratoris
1286 929 1426 978 publici
1448 929 1605 978 speciem

185 990 340 1026 ornatus
362 987 402 1023 in
425 987 586 1025 codicum
608 988 765 1036 picturis
789 988 965 1037 prologus
989 988 1136 1025 incedit.
1175 990 1287 1036 atque
1310 987 1351 1024 id
1372 986 1516 1036 quidem
1531 999 1606 1024 non

186 1044 384 1082 Terentius
408 1044 571 1090 novavit,
596 1049 640 1082 ut
663 1045 857 1093 prologum
882 1047 1067 1082 oratorem
1091 1045 1255 1091 faceret;
1280 1044 1377 1081 idem
1400 1044 1474 1081 iam
1495 1044 1605 1081 Plau-

184 1105 264 1139 tum
286 1102 419 1139 fecisse
443 1102 585 1150 aliquot
608 1102 818 1139 fabularum
839 1102 1088 1151 praefationes
1115 1101 1324 1147 ostendunt,
1349 1101 1456 1139 immo
1473 1105 1604 1150 poetas

186 1159 320 1196 atticos
345 1159 477 1196 fecisse
489 1159 771 1207 Amphitruonis
795 1159 1025 1208 potissimum
1048 1159 1225 1208 prologus
1251 1158 1452 1205 confimat,
1477 1159 1517 1195 in
1534 1171 1604 1208 quo

184 1215 325 1264 legitur
349 1229 383 1253 v.
409 1216 457 1253 20
472 1221 578 1262 pater
600 1217 667 1253 huc
689 1229 742 1253 me
763 1218 860 1253 misit
882 1218 929 1253 ad
951 1227 1010 1253 vos
1033 1221 1168 1253 oratum
1192 1227 1296 1260 meus,
1319 1215 1366 1252 33
1389 1217 1518 1252 iustam
1532 1228 1605 1252 rem

185 1277 217 1310 01
237 1273 376 1318 facilem
398 1284 470 1310 esse
493 1277 627 1310 oratam
649 1286 673 1310 a
695 1274 788 1311 vobis
810 1274 906 1318 volo,
941 1286 1023 1310 nam
1054 1275 1150 1310 iusta
1173 1274 1216 1309 ab
1247 1274 1350 1309 iustis
1381 1274 1496 1309 iustus
1527 1285 1606 1309 sum

186 1333 304 1367 orator
326 1331 441 1375 datus,
466 1330 513 1366 50
536 1342 628 1367 num:
650 1342 753 1376 quam
775 1342 848 1367 rem
872 1335 1006 1368 oratum
1021 1332 1087 1367 huo
1105 1333 1184 1367 veni
1201 1342 1231 1367 e.
1246 1343 1280 1379 q.
1294 1342 1334 1376 s.,
1360 1341 1453 1378 quae
1467 1329 1607 1378 partim

188 1387 333 1436 quidem
355 1387 565 1425 recentiora
587 1388 722 1426 Plauto
756 1390 861 1434 sunt,
899 1387 964 1426 sed
996 1387 1160 1426 inventio
1198 1387 1376 1425 orationis
1411 1388 1458 1425 ab
1489 1387 1605 1425 attico

186 1446 299 1492 poeta
322 1449 475 1493 sumpta-
492 1445 571 1482 sine
595 1445 704 1483 dubio
735 1446 796 1493 (cf.
822 1450 962 1494 quaest.
987 1446 1042 1482 Pl.
1068 1446 1163 1493 202).
1225 1445 1291 1482 sed
1314 1445 1512 1482 Terentius
1535 1457 1604 1493 pro

186 1500 383 1548 indigestis
406 1505 446 1539 et
470 1502 679 1549 argumenti
707 1502 938 1550 potissimum
962 1502 1189 1550 expositione
1213 1501 1351 1539 inflatis
1376 1501 1605 1539 orationibus

185 1557 388 1595 succinctas
413 1560 453 1595 et
477 1559 662 1595 oratorias
695 1561 734 1596 et
758 1571 804 1596 ex
827 1563 911 1596 arte
946 1559 1165 1607 compositas
1197 1561 1309 1607 atque
1340 1558 1604 1596 controversiis

186 1614 299 1652 etiam
322 1614 552 1652 iudicialibus
577 1615 714 1656 similes
736 1616 872 1653 fabulis
888 1616 1108 1665 praemittit.
1146 1616 1275 1653 harum
1291 1629 1379 1653 vero
1397 1615 1606 1653 orationum

188 1674 309 1709 artem
331 1672 547 1720 perquirere
570 1673 694 1720 magni
725 1673 866 1719 refert,
900 1685 986 1710 nam
1015 1673 1102 1709 11800
1133 1673 1278 1721 quidem
1310 1673 1427 1720 ipsius
1442 1673 1606 1709 Terenti

186 1730 356 1794 poemata
379 1730 467 1765 sunt
497 1741 540 1766 ac
568 1729 670 1767 00110
702 1741 836 1777 318000
869 1732 982 1778 poeta
1016 1732 1216 1778 praeeunte
1253 1732 1448 1778 concepta,
1485 1729 1606 1778 prima

187 1785 358 1823 nimirum
381 1786 530 1834 integra
553 1787 598 1824 de
622 1786 753 1835 quibus
777 1787 817 1824 id
839 1787 1047 1836 praedicari
1069 1787 1190 1835 possit
1215 1787 1376 1824 08110108
1398 1787 1527 1825 latina.

280 1852 434 1889 Initium
458 1854 504 1889 ab
525 1853 690 1890 Andriae
714 1853 869 1901 prologo
893 1853 1025 1890 faciam
1048 1853 1112 1901 qui
1136 1853 1264 1891 ordine
1288 1853 1321 1890 si
1343 1864 1416 1891 non
1438 1857 1605 1902 tempore

186 1909 326 1958 primus
351 1911 411 1947 est
433 1911 474 1947 et
497 1909 771 1959 compositionis
793 1910 1018 1960 perspicuae.

327 1985 440 2031 poeta
462 1978 724 2031 cum-primum
745 1975 905 2021 animum
927 1984 976 2021 ad
998 1984 1229 2021 scribendum
1252 1985 1412 2033 appulit,

326 2039 367 2077 id
390 2039 462 2077 sibi
483 2040 611 2093 negoti
634 2040 793 2079 credidit
817 2041 936 2079 solum
959 2040 1058 2087 dari,

327 2098 462 2146 populo
486 2100 530 2135 ut
552 2097 743 2146 placerent
765 2110 857 2147 quas
880 2099 1031 2137 fecisset
1054 2099 1218 2148 fabulas;

295 2169 298 2171 ’
327 2166 456 2192 verum
479 2154 592 2191 aliter
615 2155 764 2192 evenire
786 2156 903 2193 multo
927 2156 1131 2204 intellegit,

327 2224 413 2250 0810
435 2212 476 2249 10
497 2211 662 2260 prologis
688 2212 890 2250 scribendis
915 2225 1063 2261 operam
1085 2215 1272 2262 abutitur,
1583 2214 1607 2251 5

190 2302 195 2306 .
269 2297 298 2319 ν
326 2282 400 2308 11011
422 2269 487 2317 qui
509 2271 766 2317 argumentum
788 2272 939 2316 narret,
964 2269 1029 2307 sed
1050 2270 1116 2319 qui
1138 2271 1362 2310 malevoli

327 2326 467 2367 veteris
491 2329 623 2376 poetae
646 2326 919 2365 maledictis
942 2327 1175 2377 respondeat.

328 2379 424 2424 nunc
447 2396 556 2434 quam
577 2396 657 2423 rem
680 2384 774 2423 vitio
797 2383 888 2423 dent
910 2386 1228 2434 quaeso-animum
1250 2386 1446 2425 attendite.

185 2531 361 2577 'perpaucum
380 2539 535 2579 cmnprimi
548 2541 651 2580 posse)
682 2544 709 2572 ct
733 2549 810 2580 quac
829 2540 1104 2581 praepositionibus
1129 2540 1165 2572 in
1184 2540 1367 2572 contrarium
1382 2542 1537 2572 mum
1556 2539 1612 2580 (ib.

189 2588 216 2626 1,
226 2588 265 2619 2¹1
285 2596 348 2619 non
367 2589 493 2620 ensesue
513 2599 551 2622 010
569 2591 649 2631 corbe,
669 2591 722 2622 3011
739 2591 891 2623 immam
908 2591 943 2622 in
962 2591 1061 2622 urbem
1081 2599 1144 2621 0330
1162 2590 1321 2630 videatur).
