1782 2988
728 216 962 254 -18-

132 314 371 363 persequitur
394 314 533 362 (6-8),
560 313 769 361 superbiam
792 312 965 360 infringit
989 312 1146 360 (9-11).
1207 311 1297 349 haec
1319 312 1438 360 igitur
1461 312 1559 350 ἀντι-

133 374 330 419 κατηγορία
355 373 434 416 est,
460 382 569 419 quam
593 370 762 419 sequitur
786 370 892 406 huius
916 368 1037 417 partis
1062 368 1253 417 peroratio
1271 368 1442 416 (12—23)
1466 380 1559 417 quae

133 429 181 466 ad
204 429 363 466 iudicum
387 428 543 466 affectus
568 427 765 466 movendos
790 427 911 464 aerius
935 438 1138 464 sermonem
1167 425 1339 464 intendit.
1395 425 1559 475 agnosci-

132 499 212 522 mus
238 485 437 522 artificium
460 488 593 533 poetae
617 485 656 520 in
679 485 748 522 hoc
772 497 912 533 quoque
937 483 1092 531 prologo
1117 483 1362 532 componendo
1386 486 1430 521 ut
1454 483 1560 532 quasi

133 542 255 591 abripi
279 555 319 580 se
343 542 513 590 patiatur
537 540 682 578 inim-iis
708 540 917 579 adversarii
940 540 988 577 ad
1010 539 1314 588 respondendum.
1356 539 1453 588 quod
1476 551 1557 577 con-

134 601 258 638 silium
282 603 321 637 et
344 599 525 636 indicavit
549 601 588 636 et
613 598 773 636 occuluit
796 598 864 636 hoc
888 597 1068 634 orationis
1093 597 1260 635 transitu
1282 610 1317 635 v.
1344 597 1390 634 12
1414 610 1486 646 sq.:

276 685 372 710 nunc
396 672 430 710 si
455 672 536 721 quis
561 673 620 709 est
644 671 708 720 qui
734 671 803 709 hoc
825 671 925 708 dicat
948 672 1014 708 aut
1038 670 1092 708 sic
1115 670 1275 719 cogitet:

275 732 384 767 vetus
410 730 444 766 si
466 731 578 777 poeta
601 741 674 774 non
697 728 910 765 lacessisset
932 727 1047 776 prior,

276 785 419 822 nullum
442 785 609 822 invenire
633 784 829 833 prologum
851 786 978 833 posset
1004 796 1129 829 novos,

278 855 384 892 quem
408 843 611 888 diceret,
637 841 711 879 nisi
732 842 887 879 haberet
912 841 970 879 cui
993 841 1114 879 male
1139 841 1345 880 diceret:
1514 844 1556 876 15

274 901 307 937 is
333 900 405 937 sibi
428 912 644 948 responsum
667 899 736 936 hoc
760 899 912 944 habeat,
938 899 977 935 in
999 898 1117 936 medio
1143 899 1308 936 omnibus

276 957 435 1006 palmam
459 969 539 994 esse
563 956 724 1005 positam
749 956 812 1005 qui
835 958 954 994 artem
977 958 1145 994 tractant
1169 956 1353 994 musicam.

134 1031 264 1067 horum
297 1041 472 1066 versuum
506 1031 678 1076 quartum
702 1029 752 1075 (v.
771 1029 830 1074 15)
856 1028 1013 1065 Guietus
1038 1028 1166 1065 Ihuius
1190 1029 1435 1074 RitscheHus,
1468 1028 1558 1065 item

134 1087 234 1125 docti
259 1086 421 1124 editores
446 1084 707 1123 Fleckeisenus
733 1087 772 1123 et
788 1085 973 1123 Dziatzko
998 1085 1162 1135 spurium
1186 1098 1267 1124 esse
1290 1085 1557 1131 iudicaverunt,

134 1144 304 1193 quoniam
329 1147 413 1180 ‘non
437 1143 559 1180 dicere
584 1143 649 1180 sed
674 1143 837 1180 scribere
862 1143 1055 1191 prologum
1078 1146 1210 1192 poetae
1232 1144 1322 1181 esse’
1349 1143 1558 1181 existiman-

135 1203 219 1239 dum
244 1201 296 1239 sit
308 1201 346 1250 ¹).
397 1200 494 1250 quod
517 1200 606 1238 licet
629 1213 759 1238 verum
783 1200 854 1247 sit,
890 1204 1014 1238 tamen
1037 1200 1122 1238 illos
1148 1200 1269 1250 opinio
1294 1200 1452 1248 fefellit;
1491 1200 1557 1237 sci-

132 1260 222 1296 licet
245 1261 373 1296 diceret
395 1270 469 1294 non
491 1258 651 1293 scriberet
675 1256 872 1294 Terentius
897 1261 1053 1305 propter
1076 1258 1233 1305 figuram
1255 1258 1398 1306 posuit;
1424 1257 1470 1295 de
1486 1270 1557 1306 quo

132 1328 268 1364 genere
292 1315 366 1351 iam
388 1313 513 1351 monui
537 1325 579 1350 ac
603 1313 750 1361 saepius
774 1313 876 1350 infra
898 1314 1114 1351 monendum
1138 1314 1212 1352 erit
1224 1315 1264 1362 ¹).
1322 1326 1414 1363 quae
1438 1314 1559 1362 figura

134 1374 269 1420 regnat
292 1372 332 1408 in
356 1370 614 1419 sequentibus:

275 1443 340 1480 ille
365 1444 413 1480 ad
438 1443 571 1480 famem
594 1442 689 1479 hunc
713 1454 737 1479 a
761 1442 923 1480 studio
948 1443 1136 1481 st‘uduit
1159 1444 1314 1490 reicere,

276 1500 335 1537 hic
358 1499 582 1548 respondere
607 1499 748 1545 voluit,
774 1512 847 1536 non
870 1500 1073 1537 lacessere:

274 1558 389 1594 bene
425 1556 579 1593 dictis
605 1556 638 1592 si
661 1559 862 1602 certasset,
897 1557 1120 1595 audisset
1144 1559 1275 1604 bene,
1513 1561 1557 1594 20

277 1614 374 1662 quod
397 1614 443 1650 ab
467 1613 534 1649 illo
559 1612 813 1659 adlatumst,
840 1613 911 1650 sibi
935 1626 1015 1651 esse
1038 1614 1078 1651 id
1101 1614 1309 1653 rellatum
1331 1617 1450 1664 putet.

277 1670 322 1708 de
347 1670 413 1707 illo
438 1670 512 1706 iam
536 1670 668 1707 finem
692 1669 850 1706 faciam
874 1670 1021 1708 dicundi
1043 1671 1150 1717 mihi,

275 1727 449 1774 peccandi
473 1740 579 1775 quom
602 1727 683 1775 ipse
707 1726 752 1763 de
778 1739 816 1764 se
842 1726 975 1764 finem
997 1740 1086 1764 nou
1109 1728 1230 1766 facit.

135 1798 273 1835 desinit
297 1799 418 1846 figura
441 1798 481 1834 in
513 1799 684 1837 versibus
718 1798 882 1835 fabulam
917 1799 1206 1838 describentibus
1231 1800 1420 1849 (25—29),
1458 1801 1558 1839 redit

132 1855 172 1891 in
198 1854 353 1903 epilogo,
378 1857 513 1902 regnat
538 1855 651 1892 etiam
674 1855 715 1891 in
739 1855 980 1902 accusatione,
1006 1870 1040 1893 v.
1066 1857 1090 1893 8
1106 1869 1180 1905 sq.:

277 1921 315 1954 et
340 1929 420 1955 eam
443 1917 637 1965 plorare,
671 1929 807 1954 orare
819 1917 848 1963 ὃ)
872 1920 916 1955 ut
940 1919 1135 1957 subveniat
1157 1920 1239 1957 sibi.

276 1973 373 2021 quod
398 1974 430 2010 si
453 1974 702 2021 intellegeret,
728 1986 837 2022 quom
860 1976 995 2012 stetit
1018 1976 1106 2013 olim
1128 1989 1243 2022 nova,

274 2029 413 2067 actoris
439 2042 553 2078 opera
575 2031 693 2078 magis
719 2031 904 2068 stetisse
930 2043 1036 2080 quam
1060 2044 1145 2078 sua,

274 2086 393 2123 minus
418 2087 535 2125 multo
560 2088 739 2125 audacter
763 2099 870 2136 quam
892 2100 988 2126 nunc
1010 2089 1152 2127 laedit
1174 2089 1386 2128 laederet.

132 2149 312 2186 antitheti
335 2151 458 2187 autem
482 2150 521 2187 in
546 2151 710 2188 omnibus
735 2150 792 2187 his
816 2151 984 2188 versibus
1019 2152 1129 2200 plura
1153 2165 1234 2190 esse
1259 2153 1425 2202 exempla
1448 2166 1556 2202 quam

132 2218 225 2254 quae
250 2209 407 2255 propter
431 2208 763 2246 adnominationem
786 2209 915 2246 notavi
937 2210 1046 2248 facile
1070 2214 1238 2259 apparet.
1301 2210 1555 2260 Adelphorum

132 2263 309 2310 prologus
333 2265 559 2312 prooemium
583 2266 632 2311 (v.
659 2266 684 2302 4
708 2266 837 2302 indicio
867 2268 909 2303 de
939 2279 976 2303 se
999 2269 1075 2313 ipse
1106 2270 1189 2313 erit,
1224 2279 1281 2304 vos
1304 2269 1403 2305 eritis
1426 2270 1556 2306 iudices

132 2319 288 2368 singulis
313 2321 501 2359 vocabulis
526 2321 790 2371 contrapositis
799 2322 842 2371 4))
866 2323 987 2370 habet,
1012 2323 1111 2373 quod
1132 2324 1301 2362 narratio
1325 2325 1471 2373 (6—14)
1494 2338 1554 2363 ex·
1588 2348 1592 2353 .

213 2410 241 2447 l)
261 2409 447 2441 Bitschelius
467 2420 586 2449 pai-erg.
607 2413 675 2450 551,
697 2412 841 2444 Dziatzko
862 2413 909 2444 ed.
929 2422 959 2452 p.
980 2413 1075 2443 XXX.

208 2459 239 2497 2)
258 2458 342 2489 Haec
362 2462 522 2497 postquam
541 2460 661 2499 scripsi,
681 2460 823 2492 Phormio
843 2465 914 2508 post
927 2461 1143 2492 Dzistxkonem
1162 2462 1201 2493 ab
1212 2462 1346 2495 Haulsro
1366 2464 1453 2496 docte
1465 2473 1551 2496 euar-

129 2509 199 2547 rgm
206 2506 351 2592 3§rodim
371 2507 423 2544 qui
442 2511 473 2574 et
492 2508 559 2545 ipse
577 2508 705 2546 figuram
724 2510 847 2546 agnovit
865 2519 1043 2548 versumque
1061 2519 1111 2541 vm
1144 2519 1197 2542 ων
1209 2516 1231 2543 t.
