1782 2996
761 108 973 147 ..6-

152 207 272 241 cautor
297 206 418 249 captus
442 207 490 241 est
516 203 609 242 item
633 203 742 253 quale
765 203 874 253 Epid.
899 203 969 242 359
993 204 1063 240 iam
1088 203 1162 249 ipsc
1185 206 1303 240 cautor
1324 206 1468 250 captust.
1524 205 1580 241 at-

152 273 223 309 que
247 261 315 298 hoc
339 261 484 309 quidem
507 261 604 299 unde
627 260 775 299 venerit
808 261 902 299 satis
936 262 1093 310 apparet
1127 272 1174 297 ex
1197 259 1384 299 Ciceronis
1419 260 1579 309 argutiis

152 318 281 367 quibus
306 318 429 355 utitur
452 312 492 354 in
516 318 734 355 Trebatium
758 330 814 366 ep.
840 318 918 355 VH
940 318 974 363 6,
991 318 1014 354 2
1046 321 1085 353 tu
1116 318 1178 362 qui
1201 318 1323 354 ceteris
1346 329 1464 354 cavere
1486 318 1577 354 didi·

151 376 239 421 cisti,
264 376 305 411 in
329 376 527 411 Britannia
550 387 595 412 ne
619 375 662 411 ab
687 376 872 412 essedariis
895 375 1082 420 decipiaris
1107 378 1224 411 caveto
1248 386 1292 411 ac
1314 374 1480 423 saepius,
1516 373 1579 411 vel
1614 371 1617 375 ’

152 445 199 470 ex
222 432 333 469 Ovidi
356 432 453 469 artis
476 433 498 469 I
521 433 568 469 83
592 433 652 469 illo
675 444 780 478 saepe
803 433 875 469 loco
907 433 1045 477 capitur
1077 432 1253 468 consultus
1277 432 1419 478 Amori,
1455 432 1578 479 quique

150 490 235 526 aliis
259 490 350 526 cavit
379 501 450 526 non
474 493 568 525 cavet
591 490 666 535 ipse
688 489 776 533 sibi,
815 500 907 537 quae
941 488 1144 536 composuit
1171 488 1261 525 Jors
1283 489 1403 535 (rom.
1437 487 1577 525 rechts-

151 547 250 584 wiss.
274 548 295 583 I
310 547 389 594 80);
415 546 558 583 scilicet
581 546 621 582 in
644 546 727 582 foro
752 546 874 594 figura
896 548 986 583 nata
1009 548 1068 583 est
1092 547 1131 582 et
1155 557 1201 583 ex
1224 558 1295 583 usu
1309 545 1383 582 iam
1399 545 1577 583 communi

151 616 175 639 a
197 603 333 639 Plauto
357 605 519 650 recepta.
569 602 792 650 aliquotiens
817 602 1020 650 quaesitior
1045 602 1159 639 etiam
1182 602 1408 639 concinnitas
1432 602 1472 638 in
1493 614 1575 639 ver-

150 659 207 697 bis
232 659 444 708 repetendis
470 662 509 697 et
533 658 779 696 assimilandis
805 658 1045 708 conspicitur,
1082 661 1126 696 ut
1157 658 1197 695 in
1226 658 1323 695 senis
1354 657 1575 706 elegantiam

152 729 255 753 suam
280 716 406 753 sedulo
432 717 657 753 ostentantis
683 716 850 753 oratione
873 716 950 752 Mil.
976 716 1064 752 642:

295 782 357 820 vel
382 782 582 820 cavillator
605 783 747 819 facetus
772 782 835 819 vel
858 782 1014 820 conviva
1038 782 1241 819 commodus

293 840 383 876 item
407 852 482 884 ero,
508 852 625 888 neque
650 852 716 886 ego
742 839 935 876 oblocutor
960 852 1040 876 sum
1063 839 1177 883 alteri
1199 839 1239 875 in
1263 839 1449 876 convivio:

291 895 589 933 incommoditate
614 896 801 933 abstinere
825 908 882 933 me
906 896 1004 944 apud
1026 895 1199 933 convivas
1224 896 1408 933 commodo

291 953 516 990 commemini
540 956 579 990 et
603 965 703 990 meae
727 953 908 990 orationis
932 953 1068 990 iustam
1089 955 1236 1001 partem
1259 952 1432 1002 persequi

292 1013 331 1047 et
355 1021 471 1046 meam
494 1012 641 1057 partem
664 1009 792 1047 itidem
816 1012 952 1055 tacere,
979 1022 1085 1058 quom
1109 1010 1268 1047 alienast
1292 1010 1424 1047 oratio.

150 1076 281 1125 quibus
306 1076 345 1113 in
369 1076 539 1114 versibus
565 1080 720 1125 apparet
753 1088 861 1125 quam
895 1076 1093 1114 artificiose
1118 1076 1298 1114 collocata
1322 1075 1398 1114 sint
1430 1077 1573 1113 convica

148 1135 299 1170 convivio
323 1135 491 1178 convivas,
517 1135 706 1170 commodus
730 1134 1004 1170 incommoditate
1024 1135 1192 1181 commodo
1210 1134 1340 1182 quibus
1357 1133 1573 1181 adiungitur

148 1192 304 1238 propter
330 1202 457 1227 sonum
482 1191 710 1237 commemini,
746 1189 878 1227 deinde
904 1201 995 1238 quae
1019 1190 1064 1226 de
1083 1194 1188 1235 parte
1209 1191 1377 1227 orationis
1400 1190 1571 1227 membris

149 1259 229 1283 cum
253 1259 343 1284 cura
366 1247 631 1295 contrapositis
656 1247 850 1293 dicuntur,
883 1249 994 1295 atque
1028 1247 1067 1283 in
1100 1247 1207 1284 initio
1239 1259 1381 1296 quoque
1404 1248 1572 1283 oblocutor

147 1305 303 1351 propter
337 1304 577 1339 cavillatorem.
636 1303 738 1340 aliud
772 1303 849 1339 eius
884 1303 1030 1351 generis
1065 1304 1268 1351 exemplum
1292 1303 1397 1340 Cure.
1422 1304 1492 1340 533
1505 1316 1570 1351 sq.,

151 1360 215 1397 ubi
238 1360 342 1398 miles
367 1372 502 1409 magna
524 1361 641 1399 verba
664 1360 775 1399 facit:

221 1440 295 1464 non
319 1440 386 1476 ego
411 1440 508 1465 nunc
530 1427 705 1465 mediocri
728 1427 856 1464 incedo
881 1428 1001 1465 iratus
1026 1427 1231 1473 iracundia,

219 1484 285 1522 sed
310 1497 419 1533 eapse
444 1485 513 1522 illa
536 1497 609 1534 qua
632 1484 855 1523 excidionem
878 1485 1001 1522 facere
1025 1484 1204 1522 condidici
1232 1484 1385 1534 oppidis.

219 1554 315 1578 nunc
338 1542 412 1579 nisi
435 1545 479 1579 tu
502 1542 591 1578 mihi
615 1555 772 1590 propere
796 1554 975 1590 properas
1000 1542 1089 1579 dare
1105 1542 1179 1579 iam
1194 1542 1355 1590 triginta
1368 1541 1497 1587 minas,

221 1610 310 1646 quas
336 1611 403 1646 ego
429 1599 527 1646 apud
550 1601 589 1636 te
614 1598 800 1646 deposivi‚
826 1599 942 1635 vitam
965 1611 1126 1646 propera
1148 1611 1294 1646 ponere.

147 1664 206 1701 hic
230 1677 304 1700 non
328 1667 475 1701 tantum
498 1665 614 1702 verba
636 1665 775 1712 partim
799 1666 980 1712 aggerata
996 1667 1142 1702 tantum
1157 1664 1295 1713 partim
1310 1677 1391 1702 cum
1406 1664 1569 1701 acumine

147 1720 354 1757 sententiae
378 1721 560 1768 repetita,
587 1721 651 1757 sed
675 1721 788 1758 etiam
811 1722 1206 1758 incedo—excidionem
1228 1724 1385 1770 propter
1409 1721 1569 1758 sonitum

146 1777 349 1825 composita
372 1789 452 1814 esse
477 1777 695 1824 existim01).

240 1833 347 1870 Inter
372 1833 508 1871 ‘varias
534 1845 576 1870 ac
597 1834 733 1871 multas
751 1833 926 1870 rationes’
955 1834 1083 1881 quibus
1101 1834 1347 1871 adnominatio
1364 1834 1567 1879 conficitur,

144 1891 191 1927 ab
216 1892 367 1927 auctore
392 1890 661 1927 rhetoricorum
694 1890 742 1927 ad
765 1890 991 1927 Herennium
1021 1891 1092 1940 (IV
1116 1891 1162 1927 29
1176 1891 1244 1940 sq.)
1274 1894 1314 1929 et
1337 1890 1565 1936 Quintiliano

145 1947 300 1995 quodvis
324 1960 441 1995 genus
466 1948 698 1996 argutiarum
722 1961 742 1985 e
767 1948 965 1984 verborum
989 1948 1228 1986 similitudine
1251 1950 1485 1997 captatarum
1508 1961 1565 1986 re-

143 2007 325 2040 censetur.
376 2004 507 2051 quibus
533 2016 640 2052 quam
664 2005 881 2052 frequenter
903 2004 1174 2052 Aristophanes
1199 2008 1330 2042 utatur
1353 2017 1426 2041 non
1449 2005 1565 2053 magis

222 2154 252 2192 1)
272 2154 320 2183 Ad
339 2154 418 2184 idem
438 2162 532 2191 genus
552 2154 704 2191 pertinere
723 2163 802 2184 nunc
821 2155 963 2192 intellego
983 2164 1088 2186 versus
1108 2156 1216 2193 Amph.
1236 2158 1367 2194 8910q.2

298 2202 574 2232 faciundumst
593 2203 633 2232 mi
653 2202 773 2240 illud,
795 2202 892 2233 fieri
913 2203 993 2243 quod
1013 2204 1138 2234 illaec
1157 2204 1309 2242 postulat,

298 2251 324 2281 si
345 2260 391 2281 me
414 2251 498 2281 illam
518 2255 667 2281 amantem
686 2252 725 2281 ad
745 2260 812 2282 sese
832 2251 967 2282 studeam
987 2253 1137 2291 recipere,

293 2299 412 2336 quando
433 2308 507 2336 ego
528 2299 607 2337 quod
627 2299 703 2329 feci
723 2299 755 2330 id
774 2299 922 2330 factum
941 2301 1222 2338 Amphitruoni
1243 2301 1340 2332 obfuit

298 2351 390 2385 atque
409 2348 485 2378 illi
504 2347 616 2379 dudum
635 2356 716 2379 meus
736 2356 821 2379 amor
840 2349 992 2386 negotium

295 2397 452 2427 insonti
483 2397 684 2434 exhibuit,
704 2405 785 2427 nnnc
803 2400 903 2426 autem
923 2397 1076 2428 insonti
1101 2398 1196 2428 mihi

295 2445 378 2475 illius
397 2445 446 2475 ira
465 2445 497 2474 in
516 2445 595 2475 hanc
614 2449 646 2475 et
665 2445 826 2476 maledicta
845 2449 1045 2482 expetent.

137 2493 188 2523 ubi
208 2497 332 2531 praeter
352 2494 529 2524 verbacum
549 2494 699 2525 antitheto
720 2494 852 2531 repetita
871 2503 898 2524 v.
919 2494 978 2524 892
998 2494 1161 2526 artificiosa
1182 2496 1340 2527 collocatio
1370 2497 1564 2536 conspicitur,

137 2541 347 2572 dirimentibus
368 2551 401 2573 se
421 2543 547 2574 invicem
567 2551 613 2574 mc
633 2545 781 2574 amantem
800 2546 831 2573 et
850 2542 937 2573 illam
957 2542 1000 2574 ad
1017 2552 1087 2574 sesc-
