1782 2988
757 139 993 176 -22-

161 235 415 285 Adelphorum
449 234 608 273 secundo
641 234 814 282 Hecyrae
849 233 1014 283 prologis
1048 235 1229 271 memorat
1264 233 1411 283 quidem
1447 245 1587 280 nomen,

161 293 227 330 sed
250 295 294 330 ut
317 291 743 340 spectatoribuspnotum
767 304 847 329 esse
871 303 917 327 ex
933 290 1013 339 ipso
1029 290 1225 328 mentionis
1241 303 1377 338 genere
1394 293 1585 339 appareat,

160 352 204 388 ut
227 349 353 388 docuit
375 348 562 387 Dziatzko
586 348 631 386 de
655 347 821 397 prologis
845 348 968 386 Plaut.
994 349 1035 386 et
1059 347 1144 385 Ter.
1170 359 1205 397 p.
1224 347 1247 385 3
1262 360 1328 397 sq„
1353 347 1393 385 in
1415 347 1588 397 Hecyrae

159 408 286 456 priore
310 420 334 444 a
357 407 501 446 nomine
525 406 765 455 nuncupando
789 406 950 455 incipere
975 406 1142 452 debebat,
1168 418 1249 443 cum
1271 406 1366 443 nihil
1388 405 1491 444 aliud
1514 405 1587 443 dic-

160 467 269 502 turus
303 467 402 501 esset
437 475 545 512 quam
575 464 763 510 Hecyram
795 474 927 500 novam
958 462 1121 499 fabulam
1152 474 1249 508 csse;
1285 462 1332 499 de
1354 462 1586 500 Phormionis

161 526 285 560 autem
308 521 452 559 nomine
477 534 542 559 cur
567 520 746 558 certiores
780 520 895 558 faciat
929 521 1158 569 spectatores
1192 519 1275 569 ipsa
1306 520 1423 559 verba
1454 519 1587 558 docent

161 580 223 626 (24
236 581 326 627 sq.):
351 591 482 615 nomen
505 591 579 615 non
601 578 698 614 idem
722 582 782 615 est
806 578 902 626 quod
924 589 1080 624 graecae
1103 577 1324 622 comoediae,
1358 578 1399 613 id
1420 590 1486 614 cur
1509 590 1585 613 mu-

159 636 302 674 taverit
326 634 579 684 exponendum
602 636 685 673 erat
708 647 755 673 ne
779 633 997 680 adversarii,
1023 646 1177 683 quorum
1197 646 1311 683 opera
1326 645 1434 683 quam
1450 633 1583 674 8011018

161 705 204 729 ac
219 693 326 729 varia
341 693 460 730 fuerit
476 693 619 736 scimus,
645 692 690 728 de
706 692 908 740 exemplari
923 692 1039 729 attico
1060 704 1229 728 rumores
1245 691 1528 728 disseminarent
1537 691 1584 738 ¹);

160 761 245 786 nam
268 749 353 786 inde
387 761 410 786 a
435 748 594 786 Caecilio
618 747 766 785 nomina
788 760 923 796 graeca
945 750 1073 785 tenere
1103 747 1217 785 moris
1252 750 1355 794 erat,
1392 759 1499 796 quem
1531 747 1585 784 di-

158 806 322 854 ligenter
346 807 385 843 in
409 806 545 844 ceteris
570 805 769 843 Terentius
788 809 926 843 servat.
985 818 1073 853 ergo
1107 805 1146 841 111
1169 804 1584 843 Heautontimorumeno

160 875 303 912 quoque
327 875 438 900 causa
462 875 543 900 esse
567 862 677 900 debet
700 874 767 900 cur
791 875 921 900 nomen
944 875 1024 899 cum
1058 873 1147 899 cura
1178 862 1360 911 proferat.
1420 861 1513 899 dicit
1543 873 1583 899 80

90 911 93 914 ’
160 933 203 957 ex
226 922 364 967 inteqra
396 932 520 967 yraeca
555 921 725 966 inteyram
759 921 961 958 comoediam
994 922 1163 957 acturum
1196 932 1287 957 esse.
1348 920 1486 967 inteyra
1518 921 1585 957 aut

160 977 345 1025 significat
369 980 507 1023 totam,
547 978 741 1025 ὁλοσχερῆ,
778 980 845 1014 aut
879 977 1075 1023 intactam,
1113 978 1303 1024 ἀκήρατον.
1362 979 1489 1014 utrum
1516 976 1584 1014 1100

157 1034 238 1071 1000
263 1034 446 1081 significet
470 1034 662 1083 sequentia
686 1034 803 1071 verba
827 1033 958 1071 docent
982 1046 1102 1070 novam
1131 1045 1204 1070 esse
1237 1034 1390 1078 ostendi,
1425 1036 1469 1071 ut
1501 1045 1583 1070 con-

157 1091 347 1129 troversia
369 1091 473 1128 nulla
497 1103 578 1128 esse
601 1090 722 1139 possit
747 1091 808 1138 (cf.
833 1091 906 1128 Ad.
930 1091 1023 1139 prol.
1051 1091 1097 1127 10
1124 1103 1202 1127 eum
1225 1086 1377 1128 Plautus
1397 1091 1507 1128 locum
1528 1102 1583 1127 re-

159 1149 259 1194 liquit
282 1147 489 1195 inteqrum)3
515 1147 581 1185 sed
604 1148 684 1185 iure
708 1160 775 1186 suo
800 1147 1012 1196 interrogat
1027 1147 1211 1185 Dziatzko
1235 1160 1272 1196 p.
1288 1148 1322 1194 8,
1347 1147 1394 1185 de
1417 1148 1486 1185 hac
1509 1147 1582 1196 sig-

157 1205 368 1242 nificatione
393 1205 582 1250 dubitans,
595 1204 765 1253 ·‘qualem
789 1204 885 1243 enim
909 1207 1114 1242 statuamus
1139 1204 1325 1252 integram
1345 1204 1502 1242 latinam
1526 1217 1582 1242 co-

156 1261 337 1298 moediam
360 1274 441 1298 0880
451 1261 478 1297 ’1)’
503 1261 674 1297 1111111111111
698 1273 742 1297 ex
764 1262 904 1307 integra
926 1262 1093 1307 integram
1119 1273 1199 1298 cum
1221 1261 1342 1309 figura
1359 1261 1497 1298 dictum
1511 1264 1580 1307 est,

156 1318 293 1355 leniter
317 1318 452 1355 inflexa
476 1317 646 1355 vocabuli
667 1317 819 1355 notione
843 1320 887 1355 ut
910 1317 1112 1366 repetitum
1134 1318 1269 1366 apponi
1290 1319 1438 1366 posset,
1475 1319 1520 1355 ut
1542 1318 1582 1355 in

157 1374 233 1410 illis
258 1386 355 1419 quem
377 1375 504 1410 diceret
525 1375 598 1410 nisi
619 1374 758 1410 haberet
782 1375 839 1410 cui
861 1374 951 1410 male
973 1375 1106 1410 diceret.
1151 1374 1277 1411 eadem
1300 1374 1511 1412 observatio
1537 1375 1581 1412 de

156 1442 270 1467 versu
306 1430 476 1478 sequenti
508 1429 627 1473 valet,
673 1441 780 1478 quem
815 1429 889 1465 iam
922 1429 1134 1466 criticorum
1168 1441 1364 1467 consensus
1386 1443 1466 1467 .suo
1501 1430 1581 1467 loco

156 1487 298 1525 deiecit.
347 1488 474 1533 duplex
497 1499 584 1533 quae
606 1499 648 1523 ex
671 1490 874 1533 arqumento
895 1487 1022 1532 factast
1045 1487 1197 1532 simplici
1230 1488 1346 1525 verba
1369 1500 1477 1537 quam
1501 1501 1581 1526 sen-

155 1544 313 1581 tentiam
335 1545 472 1581 habere
497 1543 632 1580 debent
657 1555 701 1580 ea
733 1543 934 1591 simplicius
959 1543 1121 1580 fortasse
1152 1546 1191 1581 et
1224 1544 1273 1580 ad
1295 1544 1582 1592 intellegendum

155 1601 301 1638 facilius
327 1601 379 1638 810
403 1600 682 1638 enuntiaretur:
718 1612 813 1649 quae
848 1603 1064 1648 argumento
1098 1612 1178 1637 cum
1203 1600 1254 1638 sit
1278 1600 1415 1649 duplici
1439 1614 1484 1639 ex
1506 1613 1580 1646 una

155 1660 280 1694 tamen
303 1657 489 1694 comoedia
512 1668 690 1694 conversa
714 1660 783 1693 est.
822 1656 888 1693 sed
912 1654 1108 1693 Terentius
1132 1657 1255 1704 potius
1281 1657 1377 1695 dixit
1401 1658 1581 1706 duplicem

155 1714 319 1751 fabulam
343 1726 424 1751 0880
449 1713 603 1762 quidem,
630 1724 723 1762 quae
747 1712 889 1750 scilicet
915 1712 984 1750 duo
1009 1712 1297 1751 adulescentium
1319 1714 1471 1763 negotia
1487 1727 1579 1752 com-

154 1771 343 1818 plectatur
368 1773 427 1815 (ut
451 1773 538 1807 ante
555 1769 998 1807 Heautontimorumenon
1020 1770 1216 1807 inAndria
1239 1771 1391 1817 fecerat,
1417 1772 1483 1809 sed
1497 1784 1579 1809 con-

153 1826 345 1863 taminatis
369 1826 511 1863 duabus
540 1826 648 1863 attici
680 1828 814 1875 poetae
848 1825 1018 1872 fabulis),
1056 1828 1312 1874 argumentum
1345 1839 1435 1865 vero
1468 1840 1580 1865 unum

153 1897 254 1929 esse,
289 1884 329 1920 id
352 1888 411 1921 est
434 1883 499 1920 uni
522 1883 670 1921 fabulae
695 1895 718 1920 a
741 1884 854 1932 poeta
877 1883 991 1920 attico
1026 1884 1297 1921 substructum:
1334 1885 1488 1929 διπλοῦς
1509 1884 1578 1932 μὲν

153 1941 173 1977 ὁ
198 1942 323 1986 λόγος,
352 1942 532 1983 ὑπόθεσις
555 1941 592 1977 δ’
620 1940 720 1977 ἐστὶν
744 1942 820 1986 μία.
878 1951 920 1976 80
942 1952 1046 1977 1101110
1072 1940 1283 1987 dubitaret,
1319 1941 1353 1978 si
1376 1942 1430 1979 sic
1452 1942 1577 1990 potius
1607 1933 1611 1938 ’

152 1997 299 2033 locutus
324 2000 445 2034 esset:
484 1997 620 2046 duplex
656 2008 749 2045 quae
784 2007 830 2032 ex
864 1998 1080 2044 argumento
1116 1997 1219 2034 facta
1254 2009 1326 2034 uno
1351 1999 1411 2035 est
1433 2000 1577 2045 tamen3

151 2066 247 2091 nunc
269 2054 412 2101 figurae
436 2049 547 2092 caus'a
569 2055 721 2100 simplici
744 2066 814 2102 pro
838 2065 906 2090 uno
929 2056 1016 2102 post
1039 2053 1133 2091 illud
1154 2055 1282 2100 duplex
1298 2054 1444 2101 extulit,
1470 2067 1578 2104 quam

151 2110 367 2147 elocutionis
391 2113 626 2148 venustatem
650 2123 692 2147 00
717 2109 957 2146 obscuritatis
973 2111 1119 2147 modulo
1137 2111 1387 2159 compensavit
1404 2112 1467 2160 qui
1483 2112 1575 2149 satis

150 2167 225 2205 fuit
248 2166 297 2205 ad
321 2166 535 2205 criticorum
558 2167 810 2206 dubitationes
845 2166 1114 2206 emendationes
1140 2167 1457 2207 condemnationes
1482 2168 1576 2207 exci-

229 2322 259 2361 1)
279 2322 398 2353 Phorm.
410 2323 449 2354 24
469 2323 595 2363 adporto
614 2332 731 2363 novam,
751 2322 1024 2362 Epidicum
1044 2333 1135 2363 quam
1146 2327 1253 2356 vocant
1265 2323 1445 2356 comoediam
1456 2324 1576 2364 Graeci,

148 2372 258 2402 Latini
276 2372 486 2403 Phormionem
504 2373 680 2411 nonnosum,
701 2372 776 2412 quia
790 2372 909 2410 primae
925 2373 1026 2411 partis
1046 2374 1099 2412 qui
1118 2377 1184 2412 aget
1201 2373 1231 2404 ie
1251 2374 1306 2404 cn't
1323 2373 1467 2405 Hermio
1479 2383 1577 2413 para.

148 2421 236 2458 situs,
253 2429 308 2459 per
328 2430 413 2459 quem
431 2430 479 2452 ree
496 2425 614 2461 geretur
631 2430 787 2459 maxuma
806 2429 867 2451 non
886 2421 963 2452 dixit
982 2422 1077 2453 latine
1095 2422 1144 2453 hic
1156 2422 1522 2462 Prion-imminui,
1542 2427 1577 2455 ut

147 2469 263 2507 figurae
281 2470 486 2508 integritatem
505 2475 649 2509 servaret,
669 2471 774 2502 eadem
793 2470 908 2500 scilicet
928 2471 1045 2509 ratione
1065 2480 1125 2510 qua
1145 2481 1172 2502 v.
1191 2472 1229 2502 15
1246 2471 1354 2511 (supra
1372 2481 1404 2510 p.
1419 2472 1468 2511 18)
1487 2476 1520 2503 ct
1539 2481 1576 2504 eo

147 2517 478 2549 Heautontimorumeni
495 2518 562 2550 loco
582 2519 620 2550 de
640 2529 698 2558 quo
719 2527 798 2549 nunc
818 2518 992 2556 83181118.-
1003 2520 1060 2550 hoc
1081 2528 1197 2558 quoque
1206 2520 1370 2551 Haulerum
1389 2520 1475 2553 video
1494 2526 1576 2553 recte

156 2565 331 2596 observasse
348 2564 388 2597 ad
407 2574 433 2597 v.
454 2567 501 2597 26.
