1782 2996
783 200 1018 236 -13-

192 295 247 333 Pl.
273 296 335 344 80)
360 300 398 334 et
422 297 497 335 alia
520 297 624 335 varie
648 297 819 345 figurata.
869 295 908 331 in
932 297 1009 331 tam
1032 293 1157 343 paucis
1182 293 1267 330 Livi
1283 292 1487 330 Andronici
1510 293 1611 340 frag-

193 355 326 391 mentis
352 356 448 402 quod
472 359 576 392 certa
598 355 729 391 harum
751 354 957 400 figurarum
987 351 1153 400 exempla
1186 363 1260 387 non
1292 353 1494 399 suppetunt
1526 362 1613 386 casu

194 411 333 448 factum
356 423 436 448 esse
459 413 602 459 potest;
627 411 667 447 in
690 409 849 447 carmine
874 409 975 457 epico
993 409 1105 445 etiam
1119 408 1281 444 Naevius
1310 408 1363 444 eis
1389 407 1612 444 abstinuisse

193 467 353 505 videtur.
402 468 467 505 sed
491 468 568 505 eius
593 468 672 504 fere
696 466 873 514 temporis
899 478 970 514 quo
994 466 1121 503 Livius
1145 465 1291 501 fabulas
1317 464 1414 513 apud
1437 464 1611 513 populum

194 525 284 561 dare
322 525 443 571 coepit
480 524 642 560 carmina
675 523 903 570 possidemus
940 522 1010 558 duo
1044 522 1253 570 Scipionum
1288 522 1523 569 sarcophagis
1558 521 1611 556 in—

194 580 345 627 scripta.
394 592 548 626 quorum
572 580 732 615 alterum
756 579 809 614 sic
831 578 979 625 incipit:

334 635 427 672 honc
450 635 553 673 oino
577 635 809 684 ploirume
834 634 1040 673 cosentiont
1062 634 1244 683 R<omane

335 692 542 728 duonoro
568 696 757 740 optumo
781 692 877 728 fuise
900 692 998 737 vim,

193 748 354 786 alterum
369 749 660 797 contrapositum
675 749 786 785 habet
802 749 922 795 quoius
943 750 1087 794 forma
1109 748 1301 785 virtutei
1318 749 1502 793 pari-suma
1521 748 1610 793 fuist

193 807 320 852 tertii,
345 809 431 854 post
454 807 583 842 Plauti
605 809 762 843 mortem
786 805 937 853 scripti,
962 819 995 842 v.
1020 808 1043 842 5
1064 807 1209 851 facile
1234 806 1406 849 facteis
1428 817 1611 850 superases

191 863 341 908 qloriam
376 864 562 907 maiorum,
597 862 702 910 prior
733 862 904 898 carminis
936 874 1022 910 pars
1052 863 1092 898 in
1115 862 1300 898 antitheto
1330 863 1447 897 omnia
1469 862 1611 897 brevia

195 940 242 947 —
258 921 296 955 in
321 921 394 956 lon
399 933 453 965 qa
476 921 549 955 vita
571 919 725 964 nititur,
750 919 807 955 ita
832 919 975 967 quidem
998 922 1040 956 ut
1064 921 1183 956 brevia
1206 930 1336 955 nomen
1359 918 1432 954 iam
1456 920 1610 966 propter

195 988 349 1024 sequens
373 977 473 1021 lonya
498 976 653 1013 electum
678 976 739 1012 sit.
800 976 985 1023 expressit
1018 976 1310 1013 vetustissimum
1334 975 1429 1011 illud
1451 975 1515 1022 qui
1538 975 1610 1012 elo-

193 1032 294 1080 gium
316 1032 355 1069 in
380 1033 425 1070 A.
443 1032 543 1070 Atili
555 1032 717 1070 Calatini
741 1033 908 1081 sepulcro
934 1033 1019 1070 olim
1042 1033 1196 1070 incisum
1220 1031 1377 1069 confecit
1397 1033 1489 1069 hunc
1504 1044 1612 1068 unum

187 1091 362 1134 plurimae
385 1092 600 1126 consentiunt
621 1094 738 1136 yentes
755 1091 879 1134 populi
896 1092 1102 1134 primarium
1124 1092 1236 1134 fuisse
1260 1091 1384 1125 virum.
1426 1089 1515 1125 haec
1532 1101 1612 1125 ora—

193 1146 306 1184 tionis
332 1150 547 1184 ornamenta
570 1159 643 1183 non
665 1146 867 1184 abhorrere
900 1148 946 1184 ab
970 1147 1067 1183 Enni
1099 1147 1313 1184 charactere
1347 1134 1611 1183 acute—olmer-

185 1186 998 1251 ΜῖὲἽᾶἶΝΤἜῧῖῖ
999 1192 1183 1251 ῖέἒῑεῖῖ).
1193 1185 1618 1251 ww

193 1260 351 1297 Barbati
367 1260 506 1308 filiique
522 1261 643 1308 elogia
658 1260 873 1297 documenta
888 1261 992 1297 nobis
1016 1263 1103 1297 sunt
1128 1260 1318 1297 initiorum
1341 1260 1610 1297 artificiosioris

194 1316 365 1354 dictionis
390 1318 436 1355 ab
460 1317 580 1355 Ennio
604 1320 738 1366 postea
759 1317 959 1355 excultae
948 1330 987 1354 111
1017 1330 1184 1355 sermone
1219 1316 1361 1366 poetico
1393 1316 1532 1363 latino,
1565 1329 1612 1354 ex

192 1374 284 1422 ipsis
309 1374 451 1411 scilicet
473 1375 689 1412 litterarum
711 1375 847 1419 initiis3
872 1387 956 1411 nam
979 1375 1026 1411 ad
1048 1375 1200 1412 litteras
1225 1375 1370 1411 referre
1384 1374 1473 1411 licet
1489 1374 1610 1422 elogia

191 1431 406 1480 graecanico
430 1444 531 1469 more
555 1431 732 1481 sepulcris
765 1432 954 1481 inscripta.
1012 1431 1096 1469 hinc
1126 1430 1195 1469 illa
1225 1432 1335 1469 duello
1367 1443 1490 1479 magno
1522 1432 1612 1468 diri-

192 1491 311 1525 mendo
334 1491 470 1535 regibus
493 1491 701 1535 subiqendis,
726 1502 877 1526 summas
900 1502 980 1535 opes
1003 1492 1062 1534 qui
1086 1502 1204 1535 reyum
1227 1491 1341 1535 regias
1363 1491 1523 1536 resreyit,
1558 1502 1611 1525 rc-

191 1545 350 1591 liqentem
373 1557 445 1581 esse
468 1550 599 1590 oportet
621 1547 802 1591 reliqiosus
825 1558 868 1581 ne
889 1547 971 1590 fuas
1001 1548 1039 1582 et
1070 1546 1146 1581 alia
1178 1546 1315 1581 aetatis
1348 1545 1512 1582 incertae
1544 1550 1611 1582 aut

191 1601 420 1638 recentioris.
468 1613 553 1638 nam
575 1602 770 1650 popularia
792 1604 924 1640 vetera
948 1605 986 1639 et
1010 1614 1101 1650 quae
1125 1615 1171 1639 ex
1194 1602 1271 1638 illis
1294 1604 1502 1650 propagata
1522 1605 1610 1639 sunt

191 1658 493 1696 homoeoteleutis
517 1660 749 1707 potissimum
772 1660 966 1707 conspicua
979 1660 1005 1706 ¹)
1033 1660 1123 1696 item
1148 1662 1260 1707 atque
1284 1659 1406 1706 figura
1430 1659 1610 1706 etymolo-

191 1715 274 1763 gica
296 1716 335 1752 in
359 1728 525 1753 sermone
556 1716 700 1764 publico
733 1721 913 1764 usurpata
944 1722 1071 1764 (supra
1094 1729 1129 1764 p.
1147 1717 1184 1764 5)
1218 1716 1257 1752 id
1290 1715 1435 1764 quidem
1468 1716 1611 1753 faciunt

191 1774 235 1810 ut
258 1773 376 1810 minus
400 1773 591 1819 miremur,
629 1773 726 1822 quod
759 1773 827 1810 hae
859 1774 1060 1821 figurarum
1093 1773 1233 1821 species
1263 1776 1342 1810 tam
1363 1773 1438 1810 cito
1462 1775 1610 1822 tamque

191 1830 338 1878 penitus
363 1843 444 1867 sese
468 1831 507 1867 in
530 1843 733 1868 sermonem
748 1831 995 1868 Romanorum
1018 1830 1249 1868 litterarium
1264 1830 1498 1868 insinuarint.
1536 1831 1609 1868 elo-

191 1887 336 1935 giorum
359 1899 422 1924 ars
447 1888 517 1925 tali
539 1889 625 1925 lusu
647 1888 781 1925 lusisse
813 1888 963 1926 videtur
995 1888 1209 1936 praecipue;
1248 1887 1451 1936 exemplum
1484 1888 1608 1926 verbis

191 1957 373 1993 versuque
395 1946 512 1993 magis
537 1958 646 1994 quam
670 1958 780 1983 sensu
794 1947 983 1983 vetustum
994 1946 1019 1993 ²)
1042 1945 1215 1983 habemus
1233 1946 1458 1994 epigramma
1469 1945 1608 1983 Naevi:

190 2003 476 2039 immortales
498 2004 708 2040 mortales
731 2005 766 2040 si
785 2004 873 2049 foret
893 2005 952 2049 fas
972 2004 1103 2049 flere,
1125 2004 1303 2049 flerent
1325 2004 1610 2040 divaecamenae

190 2059 359 2096 Naevium
377 2064 539 2108 poetam
575 2060 637 2098 vel
660 2072 770 2098 carm.
794 2060 861 2098 lat.
887 2060 1002 2110 epigr,
1027 2060 1084 2107 52,
1098 2060 1121 2097 2
1155 2062 1228 2098 heio
1253 2064 1303 2098 est
1325 2061 1518 2107 sepulerum
1539 2061 1611 2097 hau

183 2117 348 2162 pulcrum
365 2119 506 2163 pulcrai
525 2119 691 2164 feminae,
729 2121 844 2162 959,9
865 2130 1004 2165 corpore
1026 2124 1118 2156 casco
1142 2120 1293 2156 coniunx
1317 2131 1389 2155 una
1413 2130 1485 2154 meo
1505 2130 1610 2163 prae·

189 2175 265 2211 dita
288 2186 411 2211 amans
434 2177 550 2212 animo
572 2178 642 2222 fido
663 2177 738 2222 fida
761 2179 837 2213 viro
859 2178 994 2213 veixsit.
1042 2177 1108 2214 sed
1131 2177 1289 2214 omnium
1306 2176 1609 2225 epigrammatum

189 2231 343 2268 maxime
367 2232 527 2279 argutiis
551 2236 591 2269 et
615 2233 855 2270 concinnitati
879 2234 1005 2271 studet
1021 2234 1201 2282 Scipionis
1225 2233 1471 2270 adulescentis
1487 2233 1609 2280 ignoti

189 2287 365 2336 elogium,
403 2289 500 2337 quod
522 2301 567 2327 ea
588 2290 671 2339 ipsa
694 2290 738 2327 de
763 2302 873 2328 causa
895 2291 1139 2330 Buechelerus
1164 2293 1287 2341 (carm.
1304 2291 1372 2328 lat.
1389 2290 1505 2339 epigr.
1522 2303 1559 2340 p·
1570 2291 1607 2339 8)

190 2346 239 2383 ad.
262 2346 411 2395 septimi
433 2348 571 2385 saeculi
593 2348 703 2386 initia
725 2349 878 2387 rettulit
888 2350 937 2398 ⁸):

267 2498 296 2535 1)
315 2496 360 2528 ef.
381 2497 580 2528 Buechelerns
601 2508 675 2529 mus.
695 2499 789 2531 Rhen.
813 2500 939 2531 XXXIV
960 2503 1033 2538 345,
1054 2501 1188 2531 Heimius
1209 2500 1395 2531 Fleckeiseni
1415 2500 1515 2538 suppl.
1535 2497 1607 2530 XIX

188 2546 245 2575 545
258 2554 314 2584 eq„
334 2546 492 2577 Nordeuus
513 2556 542 2585 p.
566 2549 620 2578 156
631 2556 675 2586 sq.
696 2549 764 2579 820.

194 2601 200 2607 ·
264 2596 296 2633 2)
317 2595 361 2627 Cf,
381 2596 512 2627 Hermae
531 2597 631 2628 XXIV
650 2599 699 2630 80.

223 2689 227 2691 ῃ
262 2645 294 2683 3)
314 2644 358 2677 Cf,
379 2645 564 2678 Woelfflinus
584 2647 604 2677 1.
625 2657 649 2680 s.
671 2650 742 2681 200:
759 2650 827 2681 216.
