1782 2988
767 232 1003 271 ...12—

170 324 275 371 inhio,
298 330 425 375 eqomet
446 327 541 365 inter
563 327 659 366 vivos
686 326 762 365 vivo
786 333 935 367 mortuos
960 328 1076 378 (147),
1110 329 1162 367 ita
1187 329 1362 375 plorando
1385 330 1594 369 orandas„-

167 387 292 424 stando
315 390 415 432 atque
438 386 651 433 ohim-qando
674 398 726 423 me
740 387 871 425 obtudit
886 387 913 436 ²)
931 388 1041 433 (150),
1066 399 1254 425 sermonem
1276 389 1361 426 serit
1376 388 1486 437 (152),
1512 400 1594 426 nam

170 444 328 489 opulento
350 444 480 489 famam
501 444 605 489 facile
628 444 776 481 occultat
803 446 909 491 factio
941 444 1057 494 (172),
1095 456 1221 482 earum
1254 445 1522 495 elegantiarum
1553 446 1593 484 in

167 500 362 537 Menandri
384 500 554 538 versibus
586 513 609 538 a
633 500 754 538 Gellio
788 502 941 539 traditis
973 501 1114 538 nullum
1145 502 1344 550 vestigium
1381 506 1460 549 est;
1496 503 1591 541 unde

167 556 262 592 illud
293 569 435 604 quoque
466 557 512 594 de
541 558 741 594 Menandro
774 558 1079 595 adnominationis
1115 561 1367 607 contemptore
1399 560 1593 597 Plutarchi

167 612 419 649 testimonium
443 625 485 649 re
510 613 593 661 ipsa
617 613 864 650 confirmatur.
905 614 1001 663 quod
1025 614 1057 650 si
1080 614 1255 651 Plautum
1278 628 1345 662 per
1369 616 1505 663 viginti
1528 628 1590 653 an-

169 682 235 707 nos
261 683 341 707 cum
355 670 475 707 Ennio
500 672 540 708 et
563 684 631 719 per
655 670 797 718 aliquot
822 673 923 709 certe
948 683 1060 709 annos
1086 683 1166 708 cum
1179 670 1339 709 Caecilio
1357 684 1431 710 una
1444 672 1590 710 fabulas

169 738 321 763 scaenae
346 727 635 764 committentem
660 727 795 764 eisdem
821 728 957 776 eloquii
978 728 1175 775 pigmentis
1202 728 1377 765 sollerter
1401 730 1459 766 uti
1482 730 1590 766 intel-

168 782 343 831 legimus,
380 783 557 821 Plautum
581 796 625 821 ea
650 797 694 821 ex
718 796 783 821 suo
810 784 1033 822 sermonisve
1065 784 1255 832 popularis
1288 784 1435 833 ingenio
1460 785 1589 832 omnia,

169 836 262 876 nihil
286 853 306 877 e
330 841 523 877 rhetorum
547 841 689 878 officina
712 842 935 889 prompsisse
959 842 1031 878 iam
1055 855 1127 878 non
1149 842 1290 889 poterit
1314 842 1494 878 contendi.

264 897 319 933 De
345 897 440 934 artis
466 897 674 935 rhetoricae
697 897 834 943 initiis,
872 898 995 946 qualia
1018 898 1155 934 Romae
1189 897 1348 942 fuerint,
1384 898 1450 934 alii
1473 911 1590 946 nuper

168 955 246 990 tam
287 954 435 1001 egregie
476 955 817 1002 disputaverunt'),
859 958 902 991 ut
943 955 1034 991 satis
1072 955 1122 991 sit
1161 956 1274 991 verbo
1314 955 1497 991 monuisse
1537 955 1590 993 eis

167 1010 259 1057 ipsis
284 1011 511 1058 temporibus
537 1011 668 1058 quibus
692 1011 849 1047 Plautus
875 1011 1015 1047 Ennius
1042 1010 1219 1047 Caecilius
1255 1011 1484 1058 scripserunt
1514 1012 1590 1059 pri-

168 1080 245 1104 mos
271 1068 410 1104 Romae
441 1067 613 1105 rhetores
647 1067 897 1105 instituendae
927 1067 1112 1105 iuventuti
1136 1079 1283 1115 operam
1307 1067 1470 1114 dedisse3
1506 1080 1590 1105 nam

168 1127 251 1159 octo
276 1124 380 1159 annis
405 1126 492 1171 post
516 1127 672 1160 mortem
688 1123 785 1159 Enni
808 1124 1044 1171 philosophos
1070 1126 1109 1160 et
1132 1124 1302 1160 rhetores
1319 1124 1437 1160 Roma
1460 1124 1588 1172 pulsos

168 1193 249 1218 esse
273 1180 450 1226 audimus,
476 1180 515 1217 id
539 1183 599 1218 est
623 1180 747 1218 eodem
770 1192 865 1217 anno
891 1193 961 1229 quo
980 1180 1134 1218 Terenti
1145 1179 1341 1217 Eunuchus
1365 1183 1405 1218 et
1416 1180 1588 1218 Phormio

167 1239 273 1273 actae
298 1232 386 1274 sun't
410 1238 519 1284 (593).
559 1238 655 1285 quod
679 1250 744 1273 nec
766 1238 906 1274 factum
931 1250 1011 1274 esse
1036 1238 1194 1273 dicemus
1220 1240 1415 1285 antequam
1439 1251 1507 1285 per
1523 1238 1589 1274 ali-

169 1293 266 1341 quod
289 1293 467 1341 temporis
494 1294 654 1341 spatium
678 1293 848 1329 rhetores
873 1294 1012 1329 Romae
1047 1293 1238 1329 docuerint
1271 1306 1337 1330 nec
1367 1296 1511 1341 tempus
1537 1294 1589 1330 in-

167 1351 341 1388 ferendae
373 1351 411 1387 in
444 1352 573 1387 urbem
605 1350 820 1398 disciplinae
852 1350 976 1398 aptius
1007 1363 1113 1399 quam
1138 1350 1234 1398 quod
1257 1350 1392 1387 bellum
1415 1350 1591 1388 Punicum

169 1408 365 1444 secundum
389 1408 451 1444 vel
474 1407 674 1444 antecessit
697 1407 863 1455 proxime
888 1407 950 1443 vel
975 1408 1208 1443 subsecutum
1232 1409 1300 1443 est.
1350 1407 1508 1443 Ennium
1528 1420 1590 1443 au-

169 1466 245 1502 tem
270 1465 532 1512 semigraecam
555 1464 742 1516 rhetorica
766 1465 992 1520 tongentem,
1018 1465 1062 1501 ut
1086 1463 1202 1512 ipsius
1226 1464 1339 1501 verbo
1365 1465 1462 1509 utar,
1488 1477 1508 1502 e
1528 1477 1590 1513 pa-

168 1522 245 1557 tria
269 1522 308 1557 in
331 1523 460 1557 urbem
484 1511 741 1567 comffiiffr‘a's‘se
767 1523 806 1557 et
830 1521 951 1567 ipsum
975 1521 1052 1556 eius
1078 1520 1291 1567 disciplinae
1317 1523 1503 1557 auctorem
1526 1534 1589 1568 po-

169 1577 245 1612 tius
270 1577 531 1624 gravissimum
554 1577 693 1613 Romae
718 1589 827 1624 quam
851 1576 1068 1623 discipulum
1092 1576 1206 1611 fuisse
1230 1588 1304 1612 non
1319 1576 1509 1623 probabile
1526 1577 1592 1612 sed

169 1635 310 1670 certum
335 1637 411 1677 est,
449 1634 623 1670 Plautum
656 1633 767 1669 simili
800 1633 906 1668 modo
939 1633 1161 1669 instructum
1190 1644 1235 1668 ex
1259 1632 1415 1669 Vmbria
1446 1632 1590 1670 venisse

167 1703 241 1726 non
263 1690 372 1726 facile
398 1690 661 1738 suspicabimur
686 1702 803 1737 neque
829 1702 918 1725 vero
943 1689 982 1724 in
1011 1689 1231 1725 mercatibus
1257 1688 1445 1736 pecuniam
1468 1689 1589 1739 perdi-

168 1746 277 1792 disse,
302 1747 528 1783 rhetoricam
552 1746 801 1795 acquisivisse.
852 1746 884 1782 is
909 1745 1028 1792 igitur
1043 1746 1182 1782 Romae
1207 1747 1325 1782 artem
1350 1745 1479 1782 didicit
1504 1758 1589 1794 qua·

167 1803 240 1840 lem
263 1806 352 1840 tunc
374 1804 552 1851 temporis
576 1803 828 1840 adulescentes
853 1802 979 1850 graeci
1003 1804 1041 1839 et
1059 1802 1138 1839 stili
1155 1804 1370 1839 ornamenta
1385 1803 1589 1850 usurpabat

168 1860 294 1908 qualia
317 1864 405 1897 tunc
427 1860 604 1908 temporis
630 1861 833 1908 scriptores
857 1871 1010 1907 graecos
1034 1859 1264 1906 potissimum
1287 1871 1485 1907 usurpasse
1505 1871 1590 1907 par-

169 1917 238 1954 tim
262 1917 454 1965 probabile
479 1920 538 1954 est
561 1917 700 1965 partim
723 1917 966 1965 exploratum.

264 1974 384 2011 Porro
409 1977 453 2011 ut
476 1974 605 2019 altius,
634 1978 809 2022 quantum
832 1973 938 2018 licet,
963 1973 1206 2018 escendamus,
1231 1973 1277 2010 de
1301 1973 1421 2010 Naevi
1444 1973 1588 2010 comicis

169 2042 263 2078 quae
296 2030 411 2067 attuli
441 2032 488 2079 (p.
511 2031 547 2078 9)
578 2030 795 2067 elocutionis
832 2030 1061 2077 disciplinam
1091 2042 1182 2077 prae
1226 2042 1266 2066 se
1299 2026 1400 2066 ferre
1434 2029 1590 2067 vidimus

168 2088 368 2126 Plautinae
401 2088 594 2126 admodum
625 2089 804 2135 similem;
840 2087 935 2125 idem
968 2088 1007 2124 in
1040 2087 1234 2136 tragoedia
1264 2086 1358 2134 talia
1381 2086 1508 2124 habet:
1547 2098 1591 2123 ne

169 2147 255 2182 mihi
275 2158 394 2192 ,qerere
416 2158 542 2182 morem
565 2147 686 2182 videar
719 2147 859 2192 linqua,
897 2157 1014 2181 verum
1047 2146 1180 2191 linyula
1205 2147 1255 2191 (v.
1274 2144 1328 2190 1),
1371 2144 1511 2180 laudare:
1540 2156 1592 2180 me

170 2203 231 2239 abs
256 2207 304 2246 te,
333 2207 446 2248 pater,
472 2215 495 2238 a
519 2204 659 2239 laudato
683 2205 755 2240 viro
781 2203 868 2249 (15),
894 2214 968 2238 cum
992 2203 1127 2248 argutis
1152 2202 1280 2248 linquis
1302 2204 1415 2237 mutas
1439 2201 1590 2246 quadru-

164 2261 265 2304 pedis
289 2260 386 2305 (25),
419 2260 491 2295 lino
515 2260 674 2304 linquant
698 2260 832 2295 lumina
857 2259 950 2305 (28),
988 2260 1096 2294 animi
1120 2270 1231 2294 acrem
1254 2258 1476 2294 acrimoniam
1500 2258 1588 2303 (35),

169 2316 322 2364 (ornati)
354 2320 552 2352 ornamento
584 2317 743 2352 incedunt
773 2315 907 2362 qnobili
939 2315 1103 2361 iynobiles
1136 2314 1230 2362 (Liv.
1257 2326 1344 2351 com.
1369 2327 1403 2352 v.
1428 2315 1469 2360 3,
1507 2326 1590 2351 nam

169 2374 208 2410 id
232 2387 374 2422 quoque
399 2386 479 2410 cum
503 2373 681 2410 Muellero
707 2373 754 2410 ad
778 2372 899 2409 Naevi
922 2371 1154 2419 tragoediam
1185 2372 1328 2417 refero,
1365 2372 1410 2408 cf.
1449 2374 1588 2420 quaest.

252 2514 280 2548 1)
301 2513 345 2543 cf.
367 2523 393 2544 v.
415 2514 473 2543 212
493 2514 589 2543 clamo
604 2514 726 2550 postulo
746 2514 862 2543 obsecro
881 2520 933 2542 oro
947 2512 1037 2549 ploro
1056 2514 1144 2549 atque
1162 2512 1288 2550 imploro
1298 2512 1395 2549 fidem,
1415 2511 1519 2542 Afran.
1532 2512 1589 2541 246

168 2562 271 2599 plorat
291 2565 375 2598 orat3
396 2561 434 2590 cf.
456 2561 607 2590 Haulerus
629 2561 667 2590 ad
688 2562 757 2591 Ter.
778 2561 897 2590 Phorm.
919 2562 946 2589 8.

249 2610 281 2648 2)
301 2610 438 2640 Marxius
459 2610 505 2640 Ad
526 2610 597 2640 Her.
621 2610 675 2640 133
690 2619 751 2648 αφ,
780 2608 939 2639 Nordenus
968 2609 1036 2639 Ant.
1067 2608 1258 2647 Kunstprosa
1281 2610 1335 2639 169
1346 2617 1400 2648 sq„
1428 2608 1466 2638 de
1486 2607 1591 2639 Arnim

171 2659 275 2691 Leben
295 2658 356 2690 und
376 2659 476 2690 werke
496 2659 549 2690 des
569 2658 627 2691 Dio
647 2668 705 2689 vou
724 2660 822 2691 Prusa
843 2660 882 2689 88
892 2667 936 2698 sq.
