1782 2988
784 145 1014 186 -10-

185 234 232 275 de
256 235 415 277 Caecilio
439 238 614 279 Plautum
639 241 833 282 subsecuto
859 245 898 282 et
922 242 1097 282 Terentio
1123 241 1291 294 deinceps
1327 243 1456 284 dicam.
1516 244 1607 284 Tra-2

184 294 254 331 bea
277 295 357 333 lena
382 298 531 335 delenita
554 304 696 347 argento
719 302 768 345 (v.
784 301 839 350 1),
877 300 1065 350 Turpilius
1099 305 1228 339 nautae
1258 303 1477 340 circumventi
1497 304 1609 341 ceratia
1656 302 1661 306 ’

184 351 257 399 (48,
276 353 322 390 cf.
346 354 403 392 Pl.
430 355 522 394 Oist.
549 358 597 395 14
606 359 691 408 eq),
716 359 974 405 intercapedine
996 360 1185 405 interficior
1210 360 1327 409 (109),
1352 360 1502 397 solitudo
1524 372 1607 398 ean-

184 410 310 447 ctitudo
333 413 513 458 Apollinis
536 415 653 464 (114),
691 415 852 454 Titinius
886 417 1058 462 sapientia
1085 417 1297 463 gubernator
1319 430 1442 455 navem
1465 421 1606 464 torquet,

184 477 258 503 non
277 469 429 506 valentia
445 471 557 518 (127),
582 472 762 510 Afranius
786 474 867 511 haec
889 475 1006 510 ieiuna
1029 474 1203 510 ieientavit
1218 474 1304 523 (43),
1329 486 1426 512 nemo
1442 475 1507 511 illa
1521 475 1608 511 vicit

184 525 279 560 carie
298 527 469 563 curiosior
485 529 594 577 (250),
619 531 726 567 labris
749 531 841 566 inter
864 543 901 567 se
923 531 1069 575 velitari,
1093 531 1298 577 velificarier
1313 532 1421 579 (266),
1446 531 1485 569 in
1500 531 1606 570 Atel-

184 580 271 618 lana
293 582 515 632 Pomponius
548 587 673 622 tacitus
706 587 815 622 taxim
839 587 934 634 (23),
971 588 1047 623 sine
1068 588 1193 632 fruetis
1215 592 1363 624 ventrem
1384 589 1607 633 frustrarunt

182 648 278 675 suom
293 639 378 688 (79),
403 652 521 678 cenam
536 643 911 688 quaeritat—revertit
934 646 1082 680 maestus
1101 644 1149 680 ad
1171 655 1305 680 menam
1317 644 1403 691 (80),
1427 645 1531 681 restis
1554 645 1606 681 υἰ-

183 695 257 742 lest,
283 709 324 734 ea
347 699 432 735 velet
453 700 571 745 qulam
588 700 673 748 (97),
698 704 815 737 strena
838 705 998 738 strenuae
1014 701 1121 749 (114),
1144 701 1223 737 huic
1244 703 1321 738 seni
1344 703 1479 738 senium
1494 702 1604 749 (136),

182 754 275 789 servi
297 755 413 791 comici
436 757 651 793 commictilie
676 757 784 804 (138),
810 769 869 804 eqo
892 770 1059 794 rumorem
1079 758 1183 803 parvi
1202 759 1296 803 facio
1320 759 1401 794 dum
1423 759 1470 794 sit
1485 769 1605 794 rumen

182 811 243 855 qui
265 812 426 857 impleam
461 813 578 861 (152),
615 818 756 859 sperant
787 826 933 860 spurcae
964 815 1081 863 (155),
1114 816 1250 851 lardum
1281 815 1458 852 lurclmbat
1489 815 1605 852 lubens

184 866 294 914 (169),
320 870 422 905 malis
445 871 551 906 molui
574 872 671 918 (188)
683 873 719 916 ¹),
745 871 887 908 Novius
911 874 1023 908 temeti
1047 874 1148 908 timor
1172 872 1259 919 (17),
1283 874 1517 908 vestimentum
1532 884 1603 908 ves-

182 925 271 960 ceris
295 925 386 972 (52),
423 937 618 971 supparum
634 939 765 972 purum
790 928 881 975 (70),
907 928 945 964 in
961 928 1068 965 mimo
1093 928 1271 965 Laberius
1295 928 1408 964 malas
1431 929 1606 965 malaeum·

183 981 267 1028 (37),
294 982 513 1020 lubidinitate
536 984 665 1021 labitur
689 985 781 1032 (81),
807 985 1033 1021 delenimenta
1057 986 1300 1029 deliramenta,
1323 986 1484 1031 beneficia
1506 997 1605 1022 vene-

181 1039 264 1083 ficia
288 1039 397 1087 (134).
433 1040 499 1077 sed
522 1053 595 1078 non
618 1042 792 1090 pauciora
817 1041 1089 1090 Gorgianarum
1113 1043 1314 1090 figurarum
1338 1042 1503 1090 exempla
1526 1044 1604 1079 tra-

181 1095 347 1141 gicorum
379 1096 591 1144 fragmenta
624 1099 806 1135 exhibent.
866 1099 1019 1134 lenitudo
1043 1100 1210 1135 orationis
1232 1100 1410 1135 mollitudo
1441 1100 1604 1144 corporis,

181 1152 483 1199 lassitudinemque
505 1156 661 1191 minuam
684 1167 847 1192 manuum
878 1156 1111 1201 mollitudine,
1148 1167 1297 1192 maerore
1330 1167 1444 1192 errore
1474 1167 1605 1192 macore

180 1214 277 1246 senet
300 1210 354 1247 sic
376 1211 561 1249 Pacuvius
586 1213 681 1259 (247.
707 1212 788 1249 246.
814 1213 919 1260 275),
957 1213 1047 1249 Pari
1070 1214 1195 1258 dispar
1217 1214 1250 1249 si
1273 1224 1364 1249 esses
1387 1214 1470 1257 tibi,
1497 1225 1604 1260 auqu-

180 1267 278 1303 ribus
301 1269 362 1313 qui
384 1269 483 1305 auris
506 1270 617 1306 verbis
640 1270 791 1306 divitant
814 1270 950 1306 alienas
971 1281 1056 1306 suas
1071 1274 1111 1306 ut
1125 1282 1211 1306 auro
1227 1270 1425 1315 locupletent
1451 1271 1567 1306 domos
1578 1270 1605 1316 ²)

182 1324 317 1361 Accius
343 1325 697 1371 (561.169),quam
720 1338 803 1362 cara
827 1327 900 1362 sint
924 1338 1010 1372 quae
1027 1330 1111 1370 post
1133 1327 1279 1362 carendo
1303 1326 1506 1372 intelleyunt
1528 1328 1606 1363 tra-

181 1380 285 1428 gicus
310 1381 474 1420 incertus
500 1382 612 1429 (194),
638 1394 758 1419 omnes
784 1382 1006 1430 dignitatem
1029 1382 1170 1430 figurae
1189 1382 1324 1419 Plauto
1349 1382 1511 1419 usitatae
1526 1383 1604 1419 tra-

182 1437 264 1485 gico
290 1438 378 1476 etilo
402 1439 644 1477 vindicantes.
694 1439 790 1488 quod
813 1440 982 1477 fecerunt
1006 1439 1164 1476 Ennium
1188 1439 1314 1477 Plauti
1337 1439 1525 1488 aequalem
1548 1451 1603 1476 se·

183 1495 269 1531 cuti.
319 1508 365 1532 ex
389 1496 490 1533 cuius
515 1496 659 1543 tragico
685 1509 852 1533 sermone
878 1497 971 1533 satis
997 1500 1055 1533 est
1080 1496 1253 1533 attulisse
1278 1508 1312 1533 v.
1336 1496 1382 1532 41
1415 1500 1523 1532 mater
1547 1507 1603 1541 op-

182 1554 355 1588 tumarum
378 1553 485 1589 multo
508 1553 633 1589 mulier
656 1553 774 1590 melior
797 1554 986 1597 mulierum,
1014 1553 1059 1590 76
1076 1553 1208 1589 auxilio
1224 1553 1318 1596 exili,
1343 1553 1389 1589 77
1414 1553 1495 1589 urbe
1510 1553 1603 1598 orba,

182 1608 252 1646 395
272 1610 437 1655 festivum
459 1610 628 1655 festinant
651 1611 749 1657 diem,
773 1622 854 1647 cum
878 1609 1008 1658 quibus
1034 1609 1096 1658 qui
1111 1608 1286 1646 Plautina
1300 1608 1369 1645 illa
1388 1610 1605 1654 impudicitia

189 1754 327 1785 Venerem
354 1758 503 1793 expertam
530 1755 578 1794 (-a
598 1755 695 1794 Cass.)
727 1755 894 1786 Vulcanum
919 1754 961 1792 (-o
981 1754 1063 1793 Vat.)
1091 1754 1289 1792 Liberumque
1314 1753 1428 1792 pariter
1455 1753 1604 1783 obsorbuit

183 1803 259 1840 (aba.
282 1804 374 1842 ναι),
404 1805 703 1842 interpretamentum
733 1805 808 1834 hoc:
835 1804 857 1832 i.
872 1812 895 1833 e.
916 1811 1002 1833 cocus
1021 1803 1143 1833 comedit
1166 1803 1266 1840 pisces
1286 1806 1312 1833 et
1328 1811 1438 1840 panem
1457 1806 1484 1832 et
1502 1802 1604 1832 holera

184 1855 267 1881 cocta
286 1852 329 1881 ad
346 1852 443 1890 ignem
463 1855 491 1882 et
510 1852 611 1881 vinum
625 1852 740 1889 pariter
753 1851 834 1881 bibit.
866 1850 1062 1887 Landgrafius
1072 1855 1106 1880 ut
1119 1852 1276 1880 trochaeos
1295 1850 1491 1886 diffiniretur,
1511 1850 1602 1880 verba

183 1901 371 1938 transposuit
398 1900 548 1931 obsorbuit
569 1900 687 1938 pariter
706 1904 735 1930 et
762 1900 899 1929 lacunam
929 1899 1036 1929 statuit
1064 1903 1133 1936 post
1156 1898 1301 1936 Cererem,
1330 1903 1420 1936 atque
1449 1906 1604 1929 assensum

171 1946 342 1977 'Ribbeckii
361 1949 433 1977 tulit
451 1948 510 1985 (ed.
531 1951 549 1977 3
569 1957 599 1985 p.
610 1949 680 1986 31);
700 1949 752 1978 sed
772 1948 849 1977 nihil
866 1948 969 1976 deesse
989 1951 1020 1976 et
1039 1948 1107 1984 ipsa
1126 1947 1218 1976 verba
1237 1951 1268 1976 et
1288 1947 1485 1984 paraphrasis
1505 1950 1604 1977 osten-

184 1996 267 2026 dunt.
308 2005 412 2027 versus
432 1996 464 2026 hi
482 2000 570 2027 sunt:

321 2053 412 2075 cocus
431 2045 494 2075 edit
512 2044 695 2083 Neptunum,
716 2045 853 2075 cererem
874 2047 904 2073 et
924 2043 1069 2073 Venerem
1089 2044 1245 2080 expertam
1263 2042 1437 2080 Volcanum,

398 2092 598 2130 Liberumque
618 2093 733 2129 pariter
752 2091 924 2127 obsorbuit,

182 2140 214 2171 id
233 2144 281 2172 est
300 2140 490 2180 septenarius
510 2141 722 2179 anapaesticus
742 2144 773 2171 et
793 2148 897 2170 versus
917 2138 982 2169 colo
1002 2137 1157 2169 trochaico
1177 2141 1208 2168 et
1227 2138 1339 2168 cretico
1359 2143 1519 2178 constans3
1546 2139 1605 2170 nisi

184 2200 240 2228 que
268 2190 457 2221 abiciendum
486 2194 541 2222 est.
591 2194 687 2221 metra
717 2190 856 2221 similiter
886 2188 1053 2227 composita
1082 2186 1188 2218 Pseud.
1211 2187 1287 2218 1249
1298 2196 1341 2227 sq.
1366 2188 1440 2220 1119
1454 2197 1498 2228 sq.
1531 2188 1604 2220 ciat.

184 2239 243 2268 688
252 2247 316 2276 sq.;
338 2238 375 2268 cf.
397 2238 435 2268 de
454 2242 533 2268 cant.
554 2238 651 2267 Plant.
675 2240 718 2267 11.
740 2239 787 2267 20.

264 2288 293 2324 1)
313 2287 496 2325 Pomponius
519 2287 573 2317 105
589 2286 713 2325 populis
733 2286 873 2317 voluntas
891 2285 964 2316 haec
984 2287 1027 2315 est
1046 2287 1073 2315 et
1090 2283 1178 2322 vuzqo
1196 2286 1293 2313 ratast
1305 2283 1362 2322 (sic
1375 2284 1528 2315 emendavi
1542 2288 1606 2316 tra-

184 2336 278 2366 ditum
298 2336 417 2373 datan:
447 2335 602 2374 reso-ayant
617 2336 732 2373 primo,
753 2335 963 2373 euffraqabunt
977 2337 1063 2372 poet,
1083 2333 1153 2364 ecio.
1182 2333 1294 2363 Novius
1315 2334 1352 2363 91
1372 2334 1401 2363 a·
1420 2335 1519 2365 autem
1534 2334 1606 2373 pin-

183 2387 277 2422 queat,
297 2384 374 2414 male
393 2384 563 2414 cubandum
583 2387 644 2413 eet.-
665 2387 799 2421 *putent
814 2383 961 2420 pantices,
982 2382 1095 2411 conieci
1114 2381 1301 2411 cubandum:
1332 2382 1411 2411 obesi
1424 2391 1459 2419 p.
1476 2391 1508 2420 p.
1528 2383 1606 2413 addo

184 2432 296 2463 Laberi
315 2442 342 2463 v.
362 2434 398 2464 21
420 2433 529 2470 Naevi,
552 2433 640 2463 ‹iliter
658 2433 738 2463 hunc
753 2431 863 2472 pedica
882 2431 967 2462 <ei>
986 2430 1040 2460 vis.
1077 2429 1142 2469 Quo
1160 2429 1271 2459 modo?
1306 2429 1404 2468 Video,
1425 2430 1608 2461 adulescenti

185 2485 289 2511 nostro
308 2482 410 2512 caedis
428 2482 542 2512 billum.
584 2482 680 2520 <qu
687 2482 739 2518 ?>,
761 2481 811 2511 nbi
831 2488 903 2509 neve
923 2489 951 2509 a.
965 2479 993 2509 h.
1009 2478 1166 2516 pedicabis
1185 2479 1270 2508 codd.

264 2530 297 2568 2)
316 2529 429 2561 Eodem
460 2530 527 2561 lusu
554 2530 688 2561 Lucilius
711 2531 785 2561 1093
815 2536 944 2568 nequam
974 2530 1127 2565 aurumet,
1156 2527 1243 2558 auris
1272 2527 1387 2568 quoivis
1412 2527 1609 2560 vehementiae

183 2578 287 2611 ambit.
