1782 2996
785 46 1019 85 -23-

197 140 340 179 tandas.
398 144 523 180 tamen
546 141 701 193 simplex
732 155 801 192 pro
824 155 897 180 uno
921 141 1014 180 alias
1038 155 1181 192 quoque
1204 154 1248 179 ac
1271 141 1350 180 sine
1373 142 1496 191 figura
1518 141 1620 192 poni-

196 200 271 245 tur,
297 198 398 237 cuius
423 213 510 239 usus
536 200 703 251 exempla
724 200 764 238 in
785 200 916 239 lexicis
939 199 1051 249 vulgo
1075 201 1261 239 feruntur.
1320 200 1478 250 primum
1501 200 1620 249 igitur

196 268 329 295 novam
352 270 433 294 esse
457 258 619 295 fabulam
643 257 844 296 Terentius
857 257 922 295 sic
945 258 1114 296 enuntiat
1137 259 1182 295 ut
1205 269 1314 294 unam
1341 269 1513 306 graecam
1537 270 1618 295 esse

195 313 304 352 simul
328 316 517 364 appareat,
543 314 673 353 deinde
697 326 807 353 unam
826 326 912 352 ‘esse
935 314 1097 364 propriis
1122 314 1248 352 verbis
1272 314 1373 359 dicit,
1398 327 1445 351 ne
1460 318 1617 363 propter

197 372 332 421 duplex
354 373 502 411 fabulae
525 373 714 421 negotium
737 372 896 421 suspicio
922 372 1066 410 oriatur
1088 372 1186 410 idem
1208 371 1267 409 hic
1291 372 1387 422 quod
1409 372 1449 409 in
1473 371 1618 409 Andria.

195 430 342 477 poetam
365 429 507 467 fecisse.
568 430 642 466 iam
666 430 829 467 videmus
853 442 928 466 non
950 432 1096 467 tantum
1118 441 1252 465 novam
1284 429 1449 466 fabulam
1472 442 1553 466 esse
1577 434 1617 467 et

196 485 284 535 quid
306 499 437 525 nomen
460 487 511 525 sit
536 499 618 524 eum
642 483 848 533 ostendere,
874 486 940 525 sed
963 486 1063 524 aliud
1086 485 1278 533 accedere;
1303 486 1401 535 quod
1424 485 1457 523 si
1480 486 1618 524 crimen

196 556 231 579 v.
258 544 303 579 16
316 556 369 591 sq.
395 545 442 580 ab
466 544 639 580 Ambivio
664 544 874 581 diluendum
896 544 1015 592 ipsum
1038 543 1358 581 contaminationis
1383 544 1521 580 crimen
1536 557 1617 581 esse

196 600 446 649 comperimus,
471 600 544 637 iam
569 600 700 638 scimus
726 599 856 650 opinor
880 613 946 638 cur
969 613 1099 638 nomen
1123 599 1269 638 dederit
1293 603 1332 637 et
1356 612 1423 637 cur
1444 599 1513 637 hoc
1535 599 1616 637 loco

196 658 373 704 posuerit.
436 658 562 705 potuit
597 660 721 695 autem
755 658 895 705 primae
932 658 1109 696 orationis
1145 657 1267 705 parti,
1308 669 1417 705 quam
1451 657 1617 695 futuram

197 713 363 760 dixerat,
389 725 616 762 praeponere
639 714 950 751 renuntiationem
972 715 1020 751 ad
1041 714 1191 763 prologi
1212 713 1360 750 initium
1382 716 1520 751 natura
1533 726 1616 761 per-

198 770 398 816 tinentem,
435 771 525 808 licet
558 783 632 807 non
664 771 816 809 dextere
839 771 955 820 magis
980 784 1058 809 rem
1080 770 1292 808 instituerit
1328 782 1436 819 quam
1459 769 1617 808 Plautus

195 827 307 864 Mero.
331 828 355 864 8
368 839 422 876 sq.
480 827 536 864 his
571 828 740 865 versibus
773 828 893 865 additi
916 829 1009 864 7-9
1040 840 1178 865 morem
1202 827 1415 864 detrectant
1438 840 1485 864 ex
1506 827 1616 863 Plau-

196 884 285 922 tinis
310 884 476 933 prologis
500 887 637 931 notum,
673 885 818 923 ratione
841 885 1022 936 indicata:
1056 886 1098 922 ni
1114 888 1253 930 partem
1276 896 1474 921 maxumam
1497 885 1617 921 aisti-

196 953 325 977 marem
347 942 436 978 scire
458 946 618 987 vostrum,
644 955 689 980 ex
713 943 843 991 quibus
867 943 991 981 verbis
1016 944 1173 991 apparet
1196 941 1349 979 titulum
1371 941 1520 978 fabulae
1536 954 1617 979 cum

197 997 341 1035 nomine
364 1000 495 1046 poetae
519 998 628 1036 latini
658 999 852 1048 graecique
885 1001 972 1036 ante
1004 999 1110 1036 ludos
1134 999 1191 1036 ita
1216 998 1444 1047 publicatum
1466 1011 1549 1035 esse
1572 1001 1617 1035 ut

197 1054 260 1103 qui
282 1066 361 1091 rem
385 1058 534 1092 curaret
558 1056 760 1104 comperire
783 1058 911 1104 posset
933 1056 994 1105 (cf.
1021 1059 1161 1105 quaest.
1186 1055 1243 1092 Pl.
1258 1055 1356 1102 222),
1380 1054 1474 1091 nihil
1497 1054 1617 1102 igitur

196 1111 279 1149 fieri
302 1111 470 1149 debuisse
493 1112 566 1150 nisi
589 1115 633 1150 ut
656 1113 860 1151 novitatem
883 1113 1030 1150 fabulae
1062 1113 1240 1161 prologus
1274 1113 1531 1160 comprobaret
1555 1111 1618 1149 vel

198 1169 273 1206 alia
296 1169 449 1206 crimina
472 1170 784 1219 suspicionesque,
817 1170 851 1208 si
872 1170 1135 1219 proferrentur
1158 1170 1220 1207 vel
1243 1169 1407 1218 proferri
1429 1181 1538 1218 posse
1561 1168 1616 1206 vi-

198 1226 387 1269 derentur,
413 1226 633 1263 confutaret.
682 1227 777 1263 illud
800 1229 925 1264 autem
948 1227 1031 1264 aliis
1056 1229 1270 1263 consuetum
1292 1226 1432 1274 poetis,
1466 1228 1510 1262 ut
1533 1238 1616 1273 poe-

196 1283 320 1319 tarum
342 1281 489 1319 nomina
512 1282 551 1318 in
574 1283 729 1331 prologo
754 1283 1078 1329 renuntiarentur,
1110 1283 1179 1319 hoc
1201 1295 1273 1320 uno
1297 1282 1395 1327 loco,
1433 1281 1473 1318 id
1496 1285 1555 1319 est
1578 1282 1617 1317 in

196 1351 268 1374 uno
291 1338 446 1386 prologo
472 1343 706 1391 servatorum
722 1340 866 1388 quidem
881 1340 1118 1388 prologorum
1134 1340 1263 1387 primo,
1289 1351 1329 1376 se
1345 1351 1419 1376 non
1432 1338 1618 1375 facturum

197 1406 277 1431 esse
311 1394 496 1441 declarat;
537 1395 632 1432 unde
665 1396 754 1432 mihi
788 1399 889 1433 certe
923 1399 1069 1433 constat
1100 1408 1230 1434 versus
1259 1396 1343 1432 huic
1366 1395 1439 1443 ipsi
1462 1395 1616 1442 prologo

196 1464 271 1489 non
294 1451 363 1489 ulli
386 1452 452 1489 alii
475 1452 682 1491 destinatos
707 1466 797 1491 esse.
837 1453 991 1503 denique
1015 1453 1112 1502 quod
1126 1452 1289 1502 repetito
1305 1464 1396 1489 nunc
1412 1451 1617 1489 sententias

197 1509 237 1545 in
269 1508 435 1546 transitu
466 1509 648 1547 adnectit:
686 1522 782 1547 nunc
811 1512 871 1556 qui
899 1511 1078 1556 scripserit
1097 1531 1140 1537 —
1158 1522 1253 1546 nunc
1276 1521 1378 1556 quam
1400 1510 1439 1545 ob
1461 1521 1534 1545 rem
1550 1529 1616 1554 —,

196 1577 270 1602 non
302 1565 415 1602 aliter
447 1565 586 1603 factum
621 1566 786 1604 videmus
820 1567 859 1603 in
892 1566 1089 1604 Asinariae
1119 1566 1274 1614 prologo
1298 1578 1333 1603 v.
1351 1566 1374 1601 6
1406 1576 1503 1601 nunc
1533 1566 1618 1610 quid

190 1623 414 1666 processerim
436 1622 502 1657 huc
528 1626 560 1658 et
583 1624 666 1668 quid
688 1624 773 1659 mihi
795 1624 959 1660 voluerim
981 1625 1112 1660 dicam.-
1149 1628 1187 1659 ut
1210 1624 1345 1659 sciretis
1368 1633 1489 1658 nomen
1513 1623 1618 1657 huius

192 1678 351 1723 fabulae;
386 1689 469 1714 nam
491 1680 580 1723 quod
603 1680 650 1716 ad
673 1683 910 1726 arqumentum
934 1680 1074 1723 attinet,
1114 1691 1199 1715 sane
1222 1676 1362 1715 brevest.
1411 1689 1505 1714 nunc
1528 1678 1618 1722 quod

195 1747 247 1771 me
269 1736 347 1771 dixi
368 1735 452 1771 velle
474 1735 570 1771 vobis
592 1737 704 1772 dicere
728 1737 841 1772 dicam
865 1736 927 1773 vel
950 1736 1043 1773 Men.
1070 1736 1103 1772 5.
1123 1736 1169 1772 14
1192 1735 1325 1783 Amph.
1350 1735 1408 1772 50.
1422 1734 1479 1771 64.
1543 1734 1616 1770 iam

197 1790 358 1828 exsolvit
381 1790 601 1838 promissum
624 1791 747 1828 dicens
772 1804 813 1828 se
837 1794 1023 1829 oratorem
1044 1792 1162 1839 magis
1189 1803 1296 1839 quam
1318 1791 1512 1838 prologum
1531 1803 1615 1838 pro-

195 1848 286 1895 dire,
311 1851 355 1885 ut
379 1847 477 1885 senis
501 1847 673 1885 facundia
702 1852 831 1897 poeta,
871 1849 951 1898 ipse
981 1850 1025 1886 ut
1056 1849 1113 1886 ait
1145 1848 1401 1895 ἐνθυμηθῆναι
1424 1847 1615 1895 κράτιστος

196 1906 412 1951 γενόμενος,
436 1906 577 1942 utatur.
616 1906 784 1953 sequitur
808 1906 1125 1943 contaminationis
1143 1905 1281 1942 crimen
1295 1917 1376 1942 cum
1391 1904 1613 1950 defensione,

195 1974 230 1998 v.
256 1963 303 1999 20

336 2020 448 2058 habet
472 2020 649 2057 bonorum
672 2018 945 2068 exemplum,
970 2031 1040 2067 quo
1065 2017 1275 2067 exemplo
1301 2017 1410 2065 sibi¹)

338 2077 451 2114 licere
474 2076 514 2112 id
537 2077 701 2113 facere
726 2077 823 2124 quod
846 2077 904 2113 ini
927 2077 1147 2113 fecerunt
1170 2078 1291 2123 putat.

275 2197 304 2234 1)
325 2197 408 2227 Haec
435 2197 554 2234 quidem
576 2197 704 2228 nominis
724 2205 790 2227 cum
817 2198 991 2235 pronomine
1019 2197 1147 2227 relativo
1178 2196 1319 2234 repetitio
1349 2195 1468 2233 proprii
1497 2194 1616 2233 generis

195 2247 261 2281 est,
289 2244 321 2274 in
341 2244 441 2283 legum
460 2248 492 2275 et
511 2244 544 2274 in
564 2245 746 2282 scriptorum
765 2245 893 2276 maxime
913 2246 1075 2276 latinorum
1095 2252 1231 2275 sermone
1250 2244 1356 2274 usitati
1375 2251 1472 2280 neque
1491 2251 1529 2272 ex
1548 2246 1616 2273 arte

194 2292 347 2324 rhetorica
366 2292 539 2331 derivandi3
559 2292 597 2324 de
616 2301 674 2332 quo
694 2293 782 2324 multi
801 2293 858 2325 hac
878 2297 978 2325 aetate
997 2293 1146 2324 dixerunt.
1180 2292 1233 2324 sed
1248 2300 1370 2330 compar
1384 2291 1507 2322 Terenti
1520 2299 1618 2321 exem-

195 2341 278 2380 plum
298 2345 345 2372 est
364 2341 496 2375 alterum,
510 2342 543 2371 in
562 2342 688 2380 prologo
707 2341 781 2372 Hec.
794 2343 831 2372 10
851 2343 949 2374 eodem
960 2345 995 2373 ut
1012 2342 1079 2373 iure
1098 2343 1144 2373 uti
1163 2350 1261 2372 senem
1280 2341 1368 2372 liceat
1387 2350 1444 2379 quo
1463 2340 1530 2371 iure
1548 2349 1617 2371 sum

194 2399 271 2421 usus
289 2390 513 2428 adulescentior,
532 2390 572 2422 cf.
592 2392 638 2421 30.
658 2392 713 2428 31,
740 2395 775 2421 ut
794 2391 966 2422 Terentium
988 2396 1071 2423 certe
1090 2392 1199 2422 solitae
1219 2390 1278 2421 sibi
1298 2390 1330 2420 in
1348 2389 1483 2427 prologis
1502 2388 1617 2427 figurae

195 2440 275 2471 hauc
295 2440 423 2478 speciem
442 2448 595 2478 apponere
622 2444 778 2478 appareat.
825 2440 927 2472 Plauti
945 2441 1083 2479 exempla
1101 2439 1153 2479 (cf.
1172 2439 1303 2470 Baebius
1323 2437 1517 2470 studemundi
1536 2437 1615 2469 stud.

196 2488 227 2519 11
247 2489 315 2528 353,
334 2488 371 2520 de
391 2492 464 2521 attr.
483 2489 542 2521 inv.
563 2489 600 2521 14
614 2489 672 2529 sq.)
701 2489 777 2521 haec
795 2494 880 2529 sunt,
913 2490 1048 2523 rationisv
1059 2490 1204 2530 pleraque
1229 2492 1312 2522 certe
1340 2496 1401 2521 non
1429 2487 1615 2523 artificialia
