1782 2988
778 141 1015 179 -36-

184 250 298 275 versu
321 237 392 274 453
417 236 587 274 concluso
612 238 656 273 ut
680 235 719 272 in
742 235 812 274 hoc
834 236 931 274 libro
956 236 1026 273 245
1050 235 1237 272 dissimiles
1271 239 1427 273 constant
1458 239 1613 273 aeterna-

183 307 246 340 que
268 296 426 331 materies
450 298 511 340 est,
536 294 607 331 716
632 306 775 339 quorum
795 295 1059 340 Acraqantinus
1082 305 1158 330 oum
1174 294 1303 338 primis
1318 294 1538 339 Empedocles
1562 298 1613 331 est

183 352 246 389 vel
269 352 310 388 II
334 352 380 388 95
405 352 493 397 quod
517 352 681 397 quoniam
705 355 849 398 constat,
872 352 1037 388 nimirum
1059 350 1159 387 nulla
1181 351 1276 396 quies
1298 354 1360 388 est.

279 408 413 446 Adfine
437 408 540 445 aliud
563 409 703 457 figurae
727 421 843 456 genus
869 410 946 455 est,
984 421 1054 456 quo
1088 407 1158 444 duo
1183 408 1363 446 vocabula
1385 408 1442 447 ita
1465 409 1611 446 coniun-

184 469 325 514 guntur
349 469 392 503 ut
417 466 579 502 alterum
602 466 649 503 ad
680 477 759 502 rem
792 466 912 514 ipsam
945 465 1006 503 vel
1037 465 1085 501 ad
1117 468 1373 512 argumentum
1404 466 1610 504 sententiae

185 523 447 560 enuntiandum
470 523 603 560 inutile
629 522 698 567 sit,
737 523 803 559 sed
835 523 883 559 ad
914 522 1072 559 colorem
1103 522 1264 558 sermoni
1291 522 1532 560 inducendum
1555 523 1609 561 vi-

183 593 357 627 goremve
390 579 597 627 augendum
630 592 708 615 cum
745 592 834 615 cura
869 580 1034 617 electum.
1093 578 1237 615 iocatur
1267 579 1351 616 leno
1381 580 1513 617 Pseud.
1539 581 1609 617 343

182 637 344 684 puellam
367 636 577 674 vendidisse
602 649 641 673 se
666 636 788 673 dicens
814 638 890 673 sine
915 637 1136 681 ornamentis,
1161 647 1236 672 cum
1264 637 1440 674 intestinis
1454 638 1610 674 omnibus

184 695 244 740 (cf.
271 694 386 730 Stich.
411 694 481 729 172
505 694 639 729 venalis
663 704 719 739 eqo
743 704 820 728 sum
845 705 921 729 cum
944 693 1154 729 ornamentis
1177 694 1347 737 omnibus)
1383 694 1446 730 vel
1470 693 1609 742 Gripus

183 750 281 787 Rud.
307 750 401 786 1170
424 750 586 798 puellam
611 761 701 798 quae
726 749 942 787 siciliculam
966 753 1005 787 et
1037 750 1199 787 suculam
1229 749 1376 799 quaerit
1408 750 1531 799 perire
1555 751 1609 788 iu-

184 809 274 845 bens
299 820 374 844 mim
398 809 519 844 sucula
543 812 576 844 et
597 820 671 844 cum
689 808 847 852 porculis
871 807 934 844 vel
957 811 1000 845 ut
1016 807 1166 861 videtur
1191 808 1288 855 (nam
1308 808 1455 845 obscuri
1470 808 1611 857 aliquid

185 866 301 902 verba
324 865 471 909 habent,
498 865 543 901 ef.
569 865 616 901 ad
636 864 677 911 1.)
702 877 816 901 senex
838 864 999 912 puellam
1023 865 1317 902 adulescentibus
1342 865 1473 903 cedens
1496 867 1607 903 Mero.

185 923 256 958 988
281 934 356 957 cum
375 923 495 966 porcis
519 921 597 957 cum
617 922 752 965 fiscina.
790 921 952 957 alterum
975 921 1032 958 his
1057 921 1222 958 additum
1245 923 1445 959 membrum
1461 923 1514 959 sic
1529 922 1609 959 fere

185 982 228 1016 ut
254 980 320 1016 Ar.
339 979 534 1027 Vesp.480
557 979 645 1015 οὐδὲ
669 980 741 1025 μὴν
766 980 869 1016 οὔπω
890 980 928 1016 ’ν
952 982 1082 1028 σελίνῳ
1107 979 1257 1017 σούστὶν
1281 979 1362 1017 οὐδ’
1390 979 1430 1016 ἐν
1446 979 1608 1027 πηγάνῳ,

184 1049 268 1073 nam
293 1036 340 1072 ad
365 1036 522 1081 σέλινον,
548 1036 645 1084 quod
668 1036 706 1072 in
730 1039 819 1073 noto
844 1036 1042 1084 proverbio
1067 1038 1125 1073 est
1150 1037 1323 1084 (paroem.
1344 1048 1402 1084 gr.
1419 1036 1440 1071 Ι
1463 1048 1497 1083 p.
1510 1036 1608 1081 442),

185 1097 351 1139 πήγανον
375 1092 575 1140 apponitur
600 1093 705 1140 quasi
729 1093 776 1128 ad
800 1105 880 1129 rem
904 1093 1044 1140 aliquid
1067 1092 1229 1140 faciat1).
1284 1095 1430 1130 tantum
1454 1096 1609 1140 propter

186 1162 313 1186 sonum
338 1149 474 1197 duplex
497 1149 600 1186 facta
623 1149 760 1186 locutio
787 1148 894 1185 Cure.
920 1149 989 1185 612
1014 1161 1091 1186 cum
1113 1150 1200 1186 bolis
1224 1161 1299 1186 cum
1322 1150 1442 1193 bulbis,
1468 1149 1609 1186 scilicet

184 1208 224 1243 in
246 1207 381 1243 malam
406 1219 549 1243 crucem
572 1209 615 1243 ut
640 1208 719 1251 eat,
755 1208 902 1243 tantum
934 1208 1088 1255 propter
1113 1207 1269 1254 figuram
1293 1206 1398 1244 Cure.
1424 1206 1494 1243 289
1517 1207 1609 1243 ince-

185 1265 272 1300 dunt
296 1264 520 1309 suffarcinati
543 1275 618 1300 cum
642 1263 742 1299 libris
775 1274 851 1299 cum
884 1264 1064 1310 sportulis;
1105 1263 1170 1300 sed
1201 1275 1247 1300 ex
1277 1263 1438 1301 eiusdem
1470 1264 1610 1311 figurae

186 1320 257 1357 sibi
281 1320 443 1357 usitatae
478 1320 649 1367 analogia
680 1320 887 1367 parasitum
921 1320 1011 1356 fecit
1046 1333 1120 1356 non
1150 1320 1241 1368 ipsis
1273 1320 1424 1368 proprie
1455 1320 1537 1357 viro
1571 1323 1609 1357 et

185 1377 294 1414 uxori
318 1377 383 1413 sed
408 1379 558 1414 servato
594 1376 667 1413 viri
701 1379 740 1413 et
764 1376 893 1413 uxoris
919 1376 1063 1413 nomine
1096 1376 1257 1414 familiae
1292 1390 1338 1414 ex
1370 1389 1442 1425 qua
1472 1377 1609 1414 excidit

184 1434 446 1481 imprecantem
470 1432 565 1469 Men.
591 1433 660 1469 666
695 1444 770 1468 cum
805 1434 880 1468 viro
912 1444 987 1468 cum
1018 1444 1127 1468 uxore
1160 1434 1198 1468 di
1231 1444 1289 1469 vos
1305 1434 1477 1478 perdant,
1518 1445 1610 1481 quae

184 1491 300 1528 verba
324 1490 422 1539 quod
445 1489 699 1527 emendatores
725 1492 966 1539 corrumpunt
989 1502 1057 1527 nec
1086 1489 1145 1527 1110
1169 1503 1235 1528 1100
1266 1490 1350 1528 aliis
1385 1490 1474 1528 loeis
1509 1503 1608 1528 curo.

184 1549 259 1584 alia
283 1549 423 1595 figurae
449 1548 587 1594 species
613 1550 672 1584 est
696 1548 761 1584 sed
785 1548 885 1584 ratio
911 1548 1083 1595 captandi
1111 1548 1208 1584 risus
1234 1548 1374 1593 eadem,
1400 1548 1498 1596 quod
1521 1548 1607 1584 Aul.

183 1605 255 1640 487
279 1605 324 1640 de
348 1604 474 1641 avaris
498 1604 720 1651 Megadorus
753 1603 866 1640 dicit:
900 1615 1043 1649 quorum
1075 1605 1205 1640 animis
1234 1605 1346 1641 avidis
1379 1608 1480 1650 atque
1513 1606 1609 1641 insa«-

185 1662 358 1698 tietatibus
381 1673 486 1706 neque
510 1662 565 1696 lex
588 1673 694 1706 neque
718 1665 813 1697 sutor
838 1673 956 1705 capere
980 1665 1029 1697 est
1060 1662 1120 1706 qui
1147 1662 1257 1706 possit
1280 1662 1433 1706 modum,
1471 1653 1609 1699 dictum

185 1730 255 1765 quo
280 1717 387 1753 modo
412 1717 710 1754 inMenedemum
733 1717 829 1753 illud
854 1718 902 1758 ὡς
927 1718 1010 1753 οὔτε
1034 1719 1172 1763 σκηνὴν
1197 1718 1280 1753 οὔτε
1303 1719 1473 1765 ψήφισμα
1497 1727 1608 1765 προσ-

184 1777 263 1821 ήκει
297 1780 346 1823 τῷ
375 1780 479 1823 σοφῷ
510 1775 666 1821 γράφειν
691 1774 814 1821 (Diog.
841 1774 969 1810 Laert.
994 1773 1035 1809 ΙΙ
1060 1774 1161 1821 125);
1198 1787 1266 1822 pro
1299 1778 1426 1812 sutore
1452 1775 1484 1812 si
1507 1774 1609 1812 aliud

183 1844 313 1868 nomen
336 1832 524 1879 posueris,
559 1831 632 1868 iam
660 1831 752 1867 nihil
777 1830 1001 1878 significabit
1034 1843 1151 1876 capere
1174 1832 1318 1868 modum.
1379 1834 1490 1880 atque
1521 1832 1611 1869 haee

185 1888 329 1936 quidem
355 1888 475 1924 omnia
497 1888 678 1924 mimicum
703 1887 848 1924 dicendi
870 1899 985 1934 genus
1010 1890 1049 1924 et
1074 1887 1345 1925 cavillatorium
1369 1888 1521 1934 decent;
1546 1901 1608 1925 no-
1635 1925 1639 1930 ,

183 1945 295 1981 bilior
319 1945 460 1992 figurae
486 1944 625 1992 species
651 1945 825 1993 cuiusque
850 1955 1005 1991 gnarum
1029 1957 1109 1981 esse
1135 1946 1308 1993 oporteat
1342 1945 1405 1994 qui
1437 1948 1607 1983 auctores

182 2013 337 2049 graecos
362 2001 570 2049 latinosque
594 2001 814 2049 intellegere
839 2000 933 2037 velit
957 2012 1001 2037 ea
1024 2002 1082 2038 est
1116 2013 1223 2049 quam
1257 2002 1517 2039 abundantiam
1547 2003 1610 2040 vel

183 2059 434 2106 pleonasmum
459 2058 718 2096 antitheticum
734 2057 898 2095 Dielsius
924 2058 1127 2105 appellavit
1143 2059 1316 2106 (Hermae
1332 2059 1464 2095 XXXI
1479 2073 1514 2108 p.
1528 2060 1608 2105 354,

182 2115 350 2151 Parmen.
376 2128 411 2162 p.
437 2116 493 2151 66.
507 2115 579 2170 26)
614 2127 637 2151 a
660 2114 950 2152 Wilamowitzio
976 2114 1079 2162 (Eur.
1105 2115 1194 2152 Her.
1219 2115 1277 2151 11²
1299 2115 1368 2152 231
1383 2117 1451 2164 sq.)
1490 2128 1610 2153 exem-

182 2172 254 2219 plis
281 2184 326 2208 ex
350 2172 495 2219 poetico
512 2172 749 2220 pedestrique
763 2170 989 2207 Graecorum
1013 2184 1178 2209 sermone
1196 2172 1353 2220 sumptis
1369 2172 1608 2210 illustratam.

182 2232 269 2276 post
293 2229 494 2265 Homerum
518 2228 677 2274 scilicet,
714 2228 813 2277 apud
848 2240 952 2276 quem
983 2228 1113 2266 Vlixes
1149 2228 1399 2266 laudationem
1422 2230 1610 2268 Diomedis

184 2285 241 2322 his
266 2285 391 2322 verbis
418 2285 555 2334 excipit
578 2288 658 2333 μήτ’
683 2287 729 2334 ἄρ
751 2299 796 2333 με
820 2285 898 2332 μάλ’
927 2288 1024 2322 αἴνεε
1047 2288 1135 2334 μήτε
1158 2300 1193 2323 τι
1217 2288 1330 2324 νείκει
1356 2287 1410 2334 (Κ
1432 2287 1523 2334 249,
1562 2288 1608 2325 cf.

184 2343 347 2380 Dielsius
377 2343 536 2380 Hermae
567 2343 591 2380 1.
616 2345 661 2390 s.)
685 2343 809 2380 nullus
834 2342 915 2379 fere
940 2345 998 2380 est
1021 2347 1132 2391 poeta
1155 2344 1365 2392 scriptorve
1389 2344 1523 2382 nobilis
1547 2345 1611 2393 qui

185 2413 259 2436 non
275 2400 401 2436 eadem
417 2400 538 2447 figura
554 2403 695 2438 utatur.
733 2412 807 2449 qua
828 2399 867 2435 id
891 2400 1047 2437 efficitur
1071 2404 1124 2446 ut,
1150 2413 1230 2438 cum
1246 2401 1328 2449 ipsa
1337 2413 1398 2438 res
1422 2403 1611 2449 assumpto

185 2457 263 2493 eius
296 2456 482 2494 antitheto
517 2457 751 2503 enuntietur,
790 2458 894 2495 totus
928 2457 1033 2504 quasi
1067 2458 1143 2495 eius
1169 2457 1226 2495 rei
1249 2457 1350 2495 orbis
1374 2457 1535 2495 describi
1558 2458 1611 2495 vi-

276 2579 305 2618 1)
328 2579 427 2610 Schol.
450 2579 522 2611 Ven.
542 2579 578 2610 τὸ
600 2578 635 2609 δὲ
654 2578 798 2619 πήγανον
819 2576 906 2609 εἶπεν
925 2576 1031 2617 ἐπειδὴ
1052 2579 1105 2610 καὶ
1125 2578 1244 2611 σέλινον
1262 2578 1439 2618 προέταξεν.
