1782 2996
758 109 995 146 -33-

164 214 346 242 comessum
369 207 538 250 expotum,
562 215 786 249 excussum,
812 203 936 240 elotum
960 204 998 240 in
1021 204 1168 241 balineis
1192 203 1287 250 (cum
1309 200 1416 240 Asin.
1435 202 1504 240 196
1529 214 1587 240 ea-

167 260 249 298 dem
272 261 540 308 significatione
563 262 671 297 abusa
694 261 859 308 legatur)
893 263 932 297 et
970 260 1171 307 praemisso
1195 273 1290 297 novo
1313 261 1428 297 verbo
1451 261 1585 296 Afran.

166 317 236 354 192
259 317 587 363 expeierabant
609 317 812 354 execrabaut
833 328 870 353 se
892 327 935 353 ac
966 328 1064 363 suos;
1103 315 1156 353 sic
1189 319 1232 353 ut
1255 317 1371 353 verba
1395 316 1588 353 concinant

165 375 306 411 Ennius
330 374 371 410 in
394 374 586 410 annalibus
610 386 723 411 omnes
754 375 855 411 occisi
878 376 1058 410 ocoeusi
1067 386 1131 419 que
1164 374 1203 409 in
1226 377 1320 410 nocte
1343 386 1463 410 serena
1488 375 1527 410 et
1550 373 1589 409 in

165 430 358 478 Iphigenia
381 430 606 466 Acherontem
632 430 727 465 obibo
740 456 749 472 ,
781 431 841 465 ubi
870 431 992 465 mortis
1015 430 1169 465 thesauri
1192 430 1419 475 obiacent,
1456 429 1587 477 quibus

165 486 335 524 versibus
358 485 494 523 Festus
518 486 641 524 utitur
657 487 705 534 (p.
721 486 807 534 201)
830 486 963 523 doeens
987 487 1026 522 ob
1043 487 1301 532 praepositione
1324 487 1485 533 antiquos
1508 497 1588 522 usos

166 555 238 580 esse
255 555 322 589 pro
345 544 402 581 ad.
427 556 500 580 non
523 543 737 591 compositio
760 555 858 580 nova
881 545 940 580 est
956 543 1021 580 sed
1037 543 1264 580 constructio
1280 543 1376 580 Men.
1393 543 1462 579 136
1480 544 1586 588 perii,

166 601 205 636 iu
229 601 378 637 iusidias
400 601 531 637 deveni.
584 602 686 636 immo
709 601 749 636 in
770 601 1002 646 praesidium,
1037 600 1118 637 fere
1142 602 1186 636 ut
1209 600 1317 647 Epid.
1343 600 1413 637 720
1435 612 1588 648 queren-

165 656 265 693 tibus
291 656 437 693 senibus
461 660 600 702 uterque
623 668 741 692 sumus
764 657 888 701 defessi
911 668 1070 702 quaerere
1105 656 1306 704 respondet
1342 668 1401 703 eqo
1431 669 1508 693 sum
1532 658 1587 693 de-

162 716 278 760 fessus
299 714 468 759 reperire,
504 725 561 750 vos
584 714 709 759 defessi
732 726 894 759 quaerere
928 713 989 750 vel
1012 712 1080 750 Ar.
1105 713 1176 761 Eq.
1201 713 1271 750 295
1305 704 1518 761 διαφορήσω
1549 714 1583 749 σ’

169 774 207 806 εἴ
225 784 260 806 τι
283 771 427 816 γρύξεις
450 770 559 815 alter,
584 770 683 819 alter
706 772 974 816 κοπροφορήσω
999 771 1032 806 6’
1062 772 1097 806 εἰ
1119 772 1287 815 λαλήσεις
1299 770 1337 816 ¹).

261 836 362 873 Haec
394 838 550 885 propter
586 836 797 874 antitheton
831 838 969 873 novata
999 839 1195 885 antequam
1231 835 1455 885 relinquam,
1497 836 1588 873 duos

167 893 267 930 locos
292 890 542 941 perstringam
565 893 724 930 nondum
747 898 789 930 ut
814 894 896 930 fieri
920 895 1117 941 oportebat
1151 905 1174 929 a
1206 893 1440 940 corruptelae
1472 894 1588 941 suspi-

167 950 269 987 cione
294 949 509 988 vindicatos.
570 950 682 987 Alter
706 954 764 987 est
787 949 924 998 Apulei
957 952 1101 987 metam.
1126 950 1184 987 IV
1207 950 1254 987 26
1278 952 1353 987 ext.
1367 978 1376 996 ,
1415 950 1479 987 ubi
1502 962 1587 998 que-

167 1007 268 1044 ritur
292 1007 398 1055 virgo
424 1019 446 1043 a
468 1007 676 1044 latronibus
700 1008 739 1044 in
762 1008 842 1055 ipso
865 1008 1079 1055 nuptiarum
1103 1009 1287 1055 apparatu
1310 1009 1442 1055 rapta:
1468 1009 1519 1044 sic
1540 1010 1591 1044 ad

167 1065 281 1100 instar
315 1065 451 1100 Attidis
484 1065 536 1100 vel
568 1065 755 1100 Protesilai
790 1065 963 1109 dispestae
995 1064 1270 1109 disturbataeque
1304 1065 1456 1109 nuptiae.
1521 1064 1588 1101 sed

167 1122 353 1168 dispe-stae,
378 1121 475 1169 quod
498 1133 585 1158 sane
610 1121 869 1158 difficultatem
891 1133 965 1157 non
987 1121 1118 1166 habet,
1150 1120 1395 1158 emendationi
1418 1121 1586 1167 debetur,

168 1178 349 1219 traditum
373 1181 431 1214 est
455 1180 638 1223 dispectae.
686 1178 784 1226 quod
805 1179 1059 1225 probaverunt
1084 1177 1314 1222 Gulielmius,
1340 1177 1530 1225 Scioppius
1547 1181 1588 1214 et

167 1238 336 1272 veterum
360 1234 543 1272 editorum
565 1246 664 1283 pars,
690 1234 757 1271 sed
779 1234 1058 1282 Oudendorpius
1085 1234 1174 1271 ‘sine
1199 1234 1372 1282 exemplo'
1399 1246 1481 1271 esse
1504 1246 1587 1271 cau-

169 1293 273 1330 satus
297 1291 399 1337 vicit,
424 1303 468 1328 ac
490 1292 564 1328 iam
586 1302 764 1339 nusquam
788 1293 847 1327 est
871 1291 1087 1328 vocabulum
1109 1291 1184 1327 nisi
1206 1291 1246 1327 in
1261 1291 1501 1328 adnotatione
1517 1292 1586 1328 cri-

169 1347 265 1393 tica,
302 1360 375 1384 una
399 1360 479 1384 cum
501 1347 630 1384 multis
661 1347 767 1384 bonis
798 1347 959 1384 inventis
993 1347 1080 1384 boni
1115 1347 1320 1395 scriptoris.
1381 1350 1483 1384 certe
1515 1360 1589 1384 non

169 1404 263 1442 satis
289 1408 373 1442 erat
403 1404 539 1441 dixisse
573 1406 759 1450 dispectum
795 1417 875 1442 esse
908 1405 955 1441 ab
990 1416 1032 1441 eo
1063 1404 1162 1452 quod
1196 1407 1255 1441 est
1291 1405 1480 1450 ‘dispecisci
1510 1405 1589 1441 sive

168 1464 316 1509 pactum
340 1461 528 1498 divellere'
540 1474 548 1507 ;
589 1461 654 1498 sed
678 1460 868 1498 dicendum
892 1461 1016 1498 fuerat
1047 1460 1266 1508 cogitationi
1296 1460 1491 1509 scriptoris
1526 1462 1588 1498 ob-

170 1518 318 1556 versari
343 1523 467 1563 pactas
497 1518 647 1566 nuptias
681 1518 806 1567 eisque
837 1518 971 1567 opponi
1000 1519 1181 1563 dispectas.
1245 1521 1356 1567 atque
1388 1518 1428 1555 in
1463 1518 1589 1556 eadem

168 1575 383 1613 narratione
407 1575 514 1624 virgo
548 1575 830 1624 praedicaverat
853 1576 1123 1613 adulescentem
1152 1576 1224 1613 sibi
1257 1578 1342 1612 votis
1376 1577 1589 1622 nuptialibus

165 1638 267 1678 pacto
303 1634 412 1679 iuqali
439 1634 577 1678 pridem
612 1634 828 1669 destinatum.
888 1633 986 1669 alter
1018 1633 1120 1669 locus
1145 1633 1297 1670 Lucreti
1332 1636 1391 1670 est
1414 1646 1488 1670 non
1510 1636 1589 1670 tam

170 1689 273 1726 facili
296 1701 410 1737 opera
433 1689 688 1737 expediendus.
737 1689 799 1737 qui
821 1691 1016 1737 postquam
1039 1689 1210 1737 exposuit
1245 1701 1402 1738 corpora
1435 1702 1516 1727 esse
1550 1692 1589 1727 et

170 1747 277 1783 inane
310 1746 518 1794 nullamque
549 1748 701 1794 praeter
737 1758 782 1783 ea
814 1748 986 1783 naturam
1019 1758 1086 1782 nec
1118 1758 1210 1794 quae
1235 1748 1303 1783 sub
1327 1759 1455 1784 sensus
1481 1747 1590 1784 cadat

170 1815 237 1839 nec
260 1814 352 1851 quae
375 1802 521 1839 ratione
545 1802 657 1844 animi
680 1802 821 1850 percipi
851 1803 990 1850 possit,
1026 1802 1153 1849 pergit
1185 1803 1221 1848 (I
1243 1803 1313 1838 449
1326 1803 1394 1850 sq.)
1427 1802 1472 1839 de
1506 1815 1588 1840 con—

170 1859 305 1896 iunctis
342 1862 381 1896 et
412 1858 554 1896 eventis
588 1858 730 1904 dicens,
769 1870 861 1906 quae
894 1858 1055 1906 Epicuro
1089 1862 1177 1896 sunt
1209 1859 1330 1896 ἀίδιον
1362 1862 1587 1906 παρακολου-

171 1920 313 1954 θοῦντα
336 1916 375 1953 et
399 1916 659 1963 συμπτώματαε

311 2002 396 2026 nam
419 2001 663 2037 quaecumque
687 1988 812 2026 cluent
835 1991 902 2026 aut
925 1989 982 2026 his
1007 1989 1200 2026 coniuncta
1223 1989 1364 2027 duabus

310 2047 420 2083 rebus
445 2058 490 2083 ea
512 2045 675 2084 invenies
700 2048 767 2083 aut
790 2045 921 2083 horum
944 2050 1077 2084 eventa
1100 2046 1253 2083 videbis.
1517 2050 1586 2082 450

311 2103 542 2141 coniunctum
565 2106 624 2140 est
647 2103 687 2139 id
710 2103 807 2151 quod
829 2115 1007 2151 nusquam
1031 2103 1110 2140 sine
1133 2104 1337 2169 permitiali

311 2159 464 2197 discidio
487 2160 586 2209 potis
612 2162 671 2197 est
694 2159 839 2207 seiungi
861 2172 972 2208 seque
996 2160 1165 2208 gregafi,

311 2217 454 2266 pondus
478 2217 537 2255 uti
560 2217 678 2264 saxis,
703 2217 804 2255 calor
827 2216 944 2266 ignis,
968 2217 1091 2266 liquor
1115 2230 1242 2267 aquae,

310 2278 434 2312 tactus
458 2275 673 2323 corporibus
697 2275 858 2320 cunctis,
882 2275 1045 2312 intactus
1069 2275 1179 2312 inani.

311 2331 506 2370 servitium
529 2335 678 2379 eontra,
701 2334 903 2381 paupertas
928 2324 1169 2381 divitiaeque,
1522 2336 1590 2369 455

311 2389 478 2436 libertas,
503 2389 651 2436 bellum,
676 2389 887 2436 concordia,
913 2392 1040 2428 cetera
1064 2402 1218 2439 quorum

250 2542 279 2583 1)
297 2542 397 2574 Schol.
417 2537 524 2580 ἔπαιξε
542 2539 630 2581 παρὰ
649 2551 685 2573 το
706 2540 886 2580 διαφορήσω
905 2550 951 2572 σε.
