1782 2988
808 161 1043 200 ,28-

211 254 413 304 Sulpicium
438 253 573 293 Galum
596 266 668 293 non
691 255 787 292 modo
810 256 967 294 vinosum
989 256 1051 294 sed
1073 256 1225 294 virosum
1248 268 1376 304 quoque
1405 255 1445 295 in
1469 256 1637 297 oratione

210 311 307 351 dixit
332 312 442 361 (Gell.
469 312 526 351 VI
551 312 607 360 12,
626 313 682 361 5),
718 311 893 351 Metellus
917 312 1130 352 Numidicus
1156 313 1195 351 0.
1220 313 1399 352 Manlium
1421 326 1497 352 cum
1519 316 1636 363 indiq-

207 371 393 407 nissimum
416 371 472 407 oni
495 383 519 407 a
542 372 631 408 viris
653 371 749 408 bonis
772 371 855 408 bene
877 372 1014 409 dicatur
1036 375 1109 408 tum
1131 383 1175 408 ne
1195 372 1355 409 idoneum
1378 372 1512 419 quidem
1532 373 1590 410 cui
1613 384 1637 410 a

203 428 326 471 probis
350 428 439 463 male
462 428 619 472 dicatur,
657 440 738 464 eum
762 440 803 463 se
836 440 942 474 neque
965 430 1109 464 amicum
1140 429 1290 473 recipere
1321 441 1426 474 neque
1457 430 1636 466 inimicum

211 484 379 528 respicere
403 482 514 530 (Gell.
540 483 619 521 VII
642 484 698 529 11,
713 483 750 529 3)
762 496 770 529 ;
809 483 855 521 de
890 497 962 533 qua
995 488 1184 522 oratorum
1206 478 1455 522 Romanorum
1478 486 1562 522 arte
1586 497 1632 523 ex

210 539 325 577 Asiae
348 541 500 577 urbibus
526 541 707 577 arcessita
730 540 787 577 ita
811 541 890 588 egit
914 542 1109 578 Nordenus
1134 554 1169 589 p.
1185 541 1255 578 169
1268 554 1321 589 sq.
1346 545 1390 578 ut
1415 554 1483 589 ego
1507 542 1632 579 verbis

208 595 282 632 iam
305 597 519 634 abstineam.
582 598 648 634 sed
672 610 750 634 rem
773 598 982 635 accuratius
1017 598 1101 635 istis
1126 597 1268 635 demum
1291 597 1447 635 Terenti
1470 598 1636 636 oratiun-

208 653 301 689 culis
326 653 502 691 adhibitis
527 654 698 702 intellegi
723 654 901 692 arbitror.

303 798 466 836 Tandem
491 799 539 836 ad
562 799 736 836 Plautum
760 801 945 837 revertor.
996 812 1101 848 quem
1126 811 1238 847 supra
1262 799 1339 836 dixi
1362 799 1512 845 optionis
1528 809 1634 836 voca-

207 854 293 892 bulo
318 858 474 904 propter
510 855 773 893 concinentiam
805 857 959 893 abusum
994 869 1073 894 esse
1105 857 1153 904 (p.
1171 856 1218 904 8),
1243 856 1410 893 oblocutor
1439 867 1516 892 sum
1548 857 1636 904 post

207 924 339 949 nomen
361 913 514 949 verbale
537 926 606 961 pro
631 914 745 949 verbo
770 913 876 949 finito
901 913 1069 961 posuisse
1094 914 1142 960 (p.
1160 914 1197 960 6)
1209 926 1218 959 ;
1243 913 1394 950 interim
1418 912 1634 950 Terentium

207 968 365 1005 vidimus
391 969 458 1005 illa
481 981 578 1015 quem
602 970 727 1006 diceret
759 970 831 1005 nisi
863 971 999 1006 haberet
1035 970 1090 1006 cui
1122 970 1209 1006 male
1241 970 1385 1015 diceret,
1423 981 1466 1005 ex
1497 969 1635 1015 inteyra

205 1038 333 1071 yraeca
356 1028 526 1072 inteyram
550 1028 762 1070 comoediam,
788 1027 916 1071 duplex
939 1039 1027 1072 quae
1050 1038 1092 1062 ex
1114 1030 1313 1073 aryumento
1329 1027 1457 1072 factast
1471 1025 1633 1071 simplici,

206 1083 526 1127 Epidicazomenon
561 1095 664 1128 quam
691 1087 812 1119 vocant
835 1085 1040 1120 comoediam
1067 1083 1209 1125 Graeci,
1246 1084 1371 1119 Latini
1395 1083 1635 1119 Phormionem

206 1140 397 1184 nominant,
423 1141 502 1176 date
525 1141 697 1176 crescendi
720 1141 851 1184 copiam
875 1151 1043 1175 novarum
1065 1140 1125 1184 qui
1147 1140 1324 1184 spectandi
1340 1140 1475 1184 faciunt
1491 1139 1632 1184 copiam,

207 1198 326 1231 orator
349 1196 397 1231 ad
419 1207 480 1232 vos
510 1197 780 1232 venio—sinite
802 1199 962 1232 exorator
986 1197 1068 1241 sim,
1108 1196 1167 1231 ubi
1199 1199 1280 1231 sunt
1311 1196 1464 1242 cognitae
1480 1195 1634 1240 placitae

208 1255 292 1288 sunt
316 1252 437 1291 omnia
461 1253 507 1289 ob
534 1253 684 1289 eandem
708 1252 892 1289 rationem
916 1252 1099 1289 elocutum
1128 1264 1208 1288 esse
1232 1254 1276 1288 ut
1299 1252 1443 1289 tradita
1465 1251 1631 1299 legimus,

207 1309 405 1345 verborum
429 1309 652 1346 formatione
685 1309 959 1346 constructione
994 1308 1260 1356 significatione
1290 1311 1445 1356 propter
1476 1308 1633 1356 figuram

208 1367 247 1402 et
272 1365 556 1403 concinnitatem
579 1366 767 1414 paululum
790 1365 947 1402 inflexis.
1008 1377 1100 1413 quae
1131 1365 1229 1402 ratio
1254 1377 1322 1413 per
1347 1377 1549 1402 sermonem
1571 1377 1632 1413 pe-

208 1421 372 1459 destrem
408 1435 451 1459 ac
486 1423 670 1471 poeticum
705 1422 888 1460 latissime
925 1424 1032 1470 patet
1069 1424 1180 1470 atque
1214 1434 1330 1470 nuper
1365 1433 1388 1458 a
1420 1421 1593 1459 Nordeno
1606 1422 1634 1469 ¹)

209 1479 384 1527 exemplis
410 1492 490 1516 cum
514 1491 604 1516 cura
628 1492 674 1516 ex
698 1479 794 1515 omni
826 1478 1036 1516 artificialis
1070 1478 1246 1515 sermonis
1277 1491 1412 1526 genere
1437 1478 1564 1515 electis
1589 1478 1633 1514 il-

205 1535 372 1572 lustrata
396 1538 464 1573 est.
516 1536 640 1573 omisit
664 1536 745 1573 fere
768 1538 935 1573 veterem
958 1535 1206 1571 Romanorum
1229 1535 1374 1583 poesin,
1406 1547 1498 1583 quae
1522 1547 1631 1583 quam

206 1593 325 1629 multa
349 1606 394 1629 ex
419 1593 583 1630 discendi
606 1593 801 1641 disciplina
825 1592 990 1629 traxerit
1006 1594 1129 1629 tamen
1146 1592 1239 1629 satis
1255 1591 1514 1636 intelleximus,
1539 1591 1630 1629 item

206 1661 315 1697 quam
340 1661 448 1697 saepe
472 1650 597 1686 verbis
622 1650 760 1686 rectius
785 1648 1046 1696 intellegendis
1071 1650 1138 1685 aut
1168 1661 1190 1685 a
1214 1648 1425 1685 coniectura
1447 1648 1509 1685 vel
1533 1644 1631 1685 dam-

207 1706 357 1742 natione
388 1706 617 1742 vindicandis
652 1706 792 1753 figurae
818 1704 1030 1742 observatio
1054 1705 1229 1752 prodesse
1252 1705 1381 1753 possit.
1439 1717 1527 1752 ergo
1552 1717 1631 1741 rem

208 1762 300 1799 satis
326 1762 399 1799 iam
424 1763 654 1811 exploratam
679 1762 855 1811 exemplis
881 1775 926 1799 ex
950 1765 1100 1798 vetusta
1121 1761 1328 1799 Latinitate
1346 1761 1501 1810 sumptis
1518 1764 1629 1810 atque

207 1819 393 1856 nonnullis
420 1820 532 1856 etiam
556 1820 823 1857 recentioribus
849 1818 1065 1855 confirmare
1089 1830 1249 1867 pergam.

304 1876 425 1913 Causa
448 1877 506 1913 rei
529 1876 644 1914 insita
668 1880 726 1914 est
750 1877 961 1924 linguarum
993 1878 1169 1922 naturae,
1207 1875 1334 1913 eadem
1363 1875 1505 1913 scilicet
1539 1887 1631 1923 quae

208 1932 249 1968 in
272 1933 534 1970 vocabulorum
558 1933 780 1970 formatione
804 1945 915 1979 saepe
940 1932 1063 1969 effecit
1078 1935 1122 1969 ut
1138 1933 1279 1969 formae
1296 1932 1491 1969 secundum
1507 1944 1633 1969 vocem
1671 1933 1675 1938 '

209 1989 341 2025 similis
366 1990 622 2027 contrariaeve
646 1990 807 2027 notionis
832 1989 1048 2025 immutatae
1071 1992 1358 2036 procrearentur
1368 1988 1405 2035 ⁹).
1444 2000 1560 2036 neque
1584 1989 1631 2025 ab

403 2118 472 2139 ecce
500 2110 536 2139 in
566 2113 730 2140 senecta
759 2113 793 2140 ut
823 2108 960 2139 facile
989 2108 1200 2139 labefecit
1231 2109 1297 2139 loco

403 2158 459 2186 viri
477 2158 651 2187 excellentis
670 2161 792 2187 mente
812 2158 1010 2187 clemente
1030 2156 1111 2186 edita
1573 2157 1629 2186 105

403 2206 560 2236 summissa
579 2206 699 2244 placida
720 2205 948 2243 blandiloquens
969 2205 1076 2235 oratio.

404 2255 513 2284 etenim
533 2255 592 2292 ipsi
612 2254 650 2284 di
670 2263 816 2292 negare
837 2254 886 2284 eui
906 2253 949 2282 nil
968 2257 1185 2290 potuerunt

404 2302 592 2332 hominem
612 2311 658 2333 me
678 2302 874 2340 denegare
894 2301 960 2338 quis
988 2305 1129 2338 posset
1159 2302 1278 2340 pati?

208 2350 315 2381 deinde
334 2351 391 2381 hoc
411 2360 503 2389 genus
524 2351 713 2390 derelinquit,
734 2351 852 2390 placide
873 2358 992 2380 causam
1013 2351 1129 2389 statuit,
1150 2356 1212 2381 tum
1233 2350 1313 2381 elato
1334 2359 1408 2381 sono
1429 2350 1553 2381 affectus
1573 2359 1633 2382 mo-

207 2409 277 2429 vere
296 2400 404 2437 incipit
424 2400 549 2429 aliarum
569 2400 732 2438 figurarum
753 2409 846 2438 opera
866 2403 968 2435 utens,
998 2400 1174 2437 metaphora
1193 2400 1387 2437 praesertim,
1418 2408 1505 2436 quam
1524 2409 1551 2429 v.
1574 2400 1629 2429 115

207 2452 422 2486 praeparatam
443 2448 552 2485 insigni
574 2449 750 2478 elocutionis
772 2447 932 2486 splendore
951 2455 1006 2483 per
1027 2447 1142 2485 aliquot
1161 2455 1265 2477 versus
1286 2447 1484 2485 persequitur.

289 2497 319 2534 1)
339 2496 385 2526 De
405 2496 531 2526 Minucii
551 2496 658 2526 Felicis
686 2501 785 2527 aetate
812 2501 843 2526 et
872 2503 980 2533 genere
1007 2495 1125 2526 dicendi
1154 2506 1185 2535 p.
1205 2496 1328 2526 15—29.
1368 2495 1406 2526 cf.
1426 2496 1563 2526 Marxius
1583 2496 1631 2526 Ad

209 2546 339 2575 Herenn.
363 2546 428 2575 171.

288 2593 321 2632 2)
341 2593 386 2624 Cf.
408 2593 627 2632 Wackernagel
648 2602 737 2624 verm.
759 2594 846 2626 beitr.
867 2602 893 2621 z.
914 2592 1025 2629 griech,
1046 2593 1255 2632 sprschkunde
1276 2594 1323 2624 36.
