1782 2988
756 163 993 201 -30-

159 259 227 295 hoc
249 258 356 295 modo
380 257 578 305 Ergasilus
601 257 746 295 iocatur
771 257 877 307 Capt.
901 259 967 295 85:

251 330 411 379 prolatis
436 331 547 367 rebus
571 329 731 379 parasiti
753 331 915 369 venatici

256 400 397 434 sumus,
434 387 578 436 quando
602 400 664 425 res
688 386 900 435 redierunt,
925 387 1110 426 molossici

255 444 498 493 odiossicique
523 448 563 482 et
586 444 742 482 multum
765 445 1097 491 incommodcstici,

160 518 225 565 ubi
246 530 321 555 non
343 519 491 555 tantm
514 518 675 554 odiossici
697 517 746 553 ad
768 519 972 565 molossicos,
996 518 1062 556 sed
1084 518 1369 555 incommodestiei
1391 519 1590 566 praeterea

161 574 210 612 ad
233 575 470 620 immodestos,
508 573 572 623 qui
595 573 821 622 cogitatione
846 577 1125 624 comparantur,
1160 573 1359 622 adludunt,
1396 587 1470 612 non
1493 574 1589 612 enim

163 644 254 680 opus
279 635 338 669 est
361 632 482 679 ipsum
506 631 693 668 enuntiari
715 632 933 669 vocabulum
957 632 1053 681 quod
1069 632 1229 669 alterum
1249 631 1297 668 ad
1313 631 1590 669 similitudinem

163 688 222 725 sui
245 688 427 734 traxerit,
452 687 559 725 velut
581 687 678 724 Rud.
703 688 774 725 636
803 689 1041 736 virgidemiam
1063 688 1219 726 Plautus
1243 688 1352 725 finxit
1376 690 1416 725 et
1438 687 1587 737 ignotus

161 747 274 794 poeta
298 745 401 793 (pall.
425 745 496 782 inc.
509 745 571 793 99)
593 745 747 793 repetiit
771 758 845 783 non
869 746 1041 795 apposita
1063 747 1245 784 vindemia.
1290 746 1357 783 hoc
1379 744 1485 782 modo
1499 745 1586 793 Epi-

163 802 265 838 dicus
290 814 325 838 v.
339 802 410 838 233
435 802 741 839 vestimentorum
764 802 921 839 indicem
945 803 1117 840 claudens
1142 804 1299 840 cumatile
1323 806 1384 838 aut
1398 802 1588 847 plumatile,

163 860 322 896 carinum
346 862 408 896 aut
431 859 768 905 cerinum—gerrae
791 871 992 907 maxumae,
1031 859 1095 897 ubi
1125 858 1301 897 adnotavi
1324 858 1455 908 quibus
1480 870 1588 907 opus3

166 916 308 953 scilicet
332 916 381 953 ad
405 917 564 952 cumatile
594 919 627 951 ‘a
648 927 770 962 qraeco
794 920 951 953 tractum'
976 916 1198 954 assimilavit
1222 917 1425 962 plumatile,
1460 916 1510 953 ad
1532 927 1589 952 ca-

163 975 283 1011 rinum
306 974 330 1012 i.
344 986 375 1012 e.
399 974 578 1021 καρύινον
602 976 753 1010 cerinum
777 985 801 1010 a
825 986 911 1012 cera
935 973 1083 1012 ductum
1096 974 1143 1023 ¹),
1180 977 1290 1011 aucta
1322 973 1362 1012 vi
1385 973 1521 1011 comica
1544 985 1587 1010 eo

163 1032 244 1079 ipso
271 1032 367 1079 quod
390 1031 607 1069 vocabulum
631 1031 679 1067 ad
702 1031 804 1068 cuius
829 1032 1037 1079 analogiam
1069 1032 1229 1069 alterum
1253 1031 1440 1078 effingitur
1463 1030 1588 1067 insoli—

163 1091 244 1125 tum
267 1090 307 1125 ct
330 1087 568 1135 peregrinum
591 1089 709 1124 sonat.
754 1087 970 1136 plerumque
993 1091 1036 1125 ut
1059 1099 1128 1136 par
1152 1090 1211 1125 est
1233 1086 1491 1135 praemittitur
1506 1098 1588 1124 ver-

163 1146 249 1182 bum
272 1147 382 1182 vetus
406 1148 446 1182 et
469 1144 680 1192 volgatum,
715 1144 932 1193 adiungitur
956 1157 1090 1183 novum
1112 1157 1179 1182 nec
1210 1156 1353 1193 semper
1384 1143 1456 1181 ioci
1479 1155 1590 1181 causa

165 1201 386 1246 formatum,
424 1201 490 1237 sed
512 1201 698 1237 interdum
729 1204 773 1237 ut
797 1202 910 1237 dictio
936 1202 1042 1238 varia
1064 1201 1181 1248 magis
1206 1205 1246 1237 et
1269 1200 1417 1247 copiosa
1442 1200 1589 1236 evadat.

166 1257 219 1295 sic
241 1256 339 1295 Rud.
357 1257 428 1294 269
452 1269 533 1304 erqo
558 1258 700 1304 aequius
722 1268 784 1294 vos
808 1261 883 1295 erat
906 1258 1110 1295 candidatas
1133 1258 1251 1294 venire
1273 1257 1505 1304 hostiatasque
1527 1268 1589 1294 no-

165 1327 253 1352 vum
276 1317 336 1351 est
359 1316 538 1360 hostiatas,
565 1314 673 1351 Truc.
699 1315 770 1351 318
793 1316 1048 1360 blandimentis,
1074 1316 1271 1359 oramentis,
1296 1315 1416 1351 ceteris
1438 1315 1591 1351 meretri-

165 1373 230 1409 ciis
253 1383 327 1408 non
349 1370 532 1408 traditum
555 1370 700 1419 quidem
723 1371 964 1419 (hortamentis
988 1372 1034 1417 A,
1059 1372 1268 1408 ornamentis
1292 1371 1359 1419 P),
1398 1370 1464 1408 sed
1486 1372 1589 1408 certo

165 1428 385 1467 restitutum
408 1441 539 1467 nomen
562 1441 636 1466 non
659 1428 734 1466 alia
758 1440 870 1466 causa
894 1431 1022 1467 natum
1046 1440 1154 1477 quam
1178 1440 1249 1478 qua
1271 1428 1366 1466 Men.
1391 1428 1460 1465 211
1484 1428 1588 1466 sinci-

160 1488 355 1531 pitamenta
371 1488 521 1531 porcina
543 1489 632 1533 post
661 1488 866 1522 scitamenta
890 1486 988 1533 (209)
1023 1486 1084 1522 vel
1117 1486 1232 1522 Stich.
1257 1486 1326 1521 173
1351 1486 1590 1532 (inanimentis

166 1544 414 1589 explementum
456 1541 628 1589 quaerito)
664 1541 838 1579 comicum
872 1542 1049 1579 communi
1083 1541 1259 1580 vocabulo
1296 1540 1537 1590 praemissum
1548 1541 1588 1588 ²).

165 1601 256 1637 item
278 1599 356 1636 Mil.
382 1600 468 1637 189·
490 1599 606 1642 trium
629 1600 814 1636 nominum
845 1600 1083 1645 confidentiam
1105 1600 1366 1645 confirmitatem
1384 1598 1589 1644 fraudulen-

165 1659 253 1694 tiam
274 1656 433 1693 medium
455 1668 591 1693 novum
614 1660 690 1702 est,
726 1669 762 1693 v.
790 1656 858 1692 191
883 1655 999 1693 trium
1021 1656 1287 1693 adieetivorum
1305 1656 1500 1701 falsilocum
1520 1656 1590 1700 fal·-

165 1716 301 1762 sificum
320 1714 538 1761 falsiiurium
560 1713 718 1762 primum
742 1712 815 1750 duo
840 1708 1031 1762 sequentia
1047 1713 1270 1762 procreavit,
1294 1713 1398 1750 Pers.
1415 1712 1487 1749 410
1504 1723 1590 1759 pro-

166 1783 231 1808 cax
253 1782 369 1816 rapax
392 1771 521 1806 traham
543 1771 665 1818 prima
688 1771 759 1806 duo
784 1770 959 1815 tertium,
996 1782 1066 1817 quo
1091 1770 1248 1807 artificio
1277 1769 1509 1817 potissimum
1531 1770 1588 1805 vis

167 1827 347 1866 orationis
373 1826 532 1864 efficitur
542 1826 580 1874 ⁸).
617 1827 701 1864 fieri
724 1838 813 1864 sane
838 1826 936 1864 solet
958 1828 1002 1864 ut
1025 1839 1106 1877 cum
1128 1826 1207 1864 ioco
1235 1826 1352 1863 risum
1381 1825 1588 1863 excitaturo

248 1968 279 2007 1)
298 1968 454 2006 'run-pilius
473 1978 501 1999 v.
521 1970 559 2000 74
580 1969 612 1999 in
637 1968 695 2000 fine
720 1969 835 2000 senarii
861 1968 1005 2006 virginem
1032 1968 1110 1999 dixit
1128 1968 1257 1999 riculam
1276 1967 1416 1999 indutam
1435 1968 1589 2005 coffinum,

167 2022 202 2049 nt
222 2017 338 2048 duobus
358 2018 434 2048 locis
454 2018 497 2056 (p.
517 2019 585 2048 539.
605 2018 677 2058 549)
697 2018 815 2049 Nonius
835 2016 946 2055 tradit,
973 2025 1028 2047 nec
1057 2018 1130 2047 mihi
1150 2021 1269 2048 constat
1288 2016 1502 2047 emendandum
1523 2024 1590 2046 case

169 2070 316 2098 ostrinam
333 2066 473 2098 nodutum
497 2067 633 2099 fiendam
682 2067 861 2106 Propertius
878 2066 961 2097 novit
980 2069 1144 2104 ommni,
1165 2066 1311 2097 Varronis
1331 2074 1433 2097 vernus
1453 2074 1472 2096 a
1492 2064 1591 2096 Nonio

166 2125 200 2155 p.
209 2116 267 2147 549
286 2116 408 2147 adlatus
427 2117 601 2154 prosodiam
620 2125 681 2148 non
700 2116 833 2148 ostendit
852 2115 1000 2155 (Menipp.
1018 2115 1072 2146 121
1094 2118 1218 2146 aui-orat
1237 2115 1382 2145 ostrinum
1400 2114 1448 2145 luc
1465 2114 1592 2145 indutus

167 2166 365 2204 supparum„
386 2165 541 2203 Turpiliae
560 2165 661 2196 nescio
681 2174 721 2196 an
740 2166 888 2196 ominum
907 2162 1063 2201 ὄπρέινον
1083 2164 1204 2194 dixerit.
1253 2164 1328 2194 haec
1352 2163 1483 2194 colorum
1504 2170 1589 2193 voca-

166 2214 239 2244 bula
258 2213 373 2244 unitata
393 2213 545 2244 veteribus
565 2214 685 2252 latinis,
718 2215 762 2245 sic
783 2214 908 2244 Plautus
930 2214 998 2243 Aul.
1019 2213 1077 2243 510
1095 2212 1274 2250 flammai-ii,
1292 2212 1423 2250 violarii,
1443 2210 1591 2242 eminas-ii

169 2264 228 2292 514
247 2262 444 2300 mdocinarii,
464 2262 613 2292 Caecilius
634 2264 690 2293 139
710 2262 883 2299 carbasina,
902 2261 1079 2299 molochina,
1099 2261 1259 2299 ampelina,
1278 2261 1392 2292 Novius
1412 2263 1447 2291 71
1468 2259 1592 2291 mollici-v

167 2319 242 2341 nam
260 2320 280 2340 1.
291 2319 316 2340 e.
338 2310 533 2348 molocinam,
565 2311 664 2342 Varro
684 2311 779 2350 (apud
799 2310 930 2341 Nonium
950 2319 980 2348 p.
1001 2311 1073 2345 550)
1104 2310 1291 2340 anth-acinis
1305 2310 1445 2348 proximo
1463 2309 1592 2340 amiculo

247 2410 281 2445 2)
301 2408 433 2438 Titinius
453 2408 548 2438 v.165
568 2407 785 2439 obstrudulenti
799 2406 927 2445 aliquid,
948 2406 1028 2445 quod
1041 2409 1158 2445 pectam
1176 2406 1291 2444 cedente,
1310 2410 1365 2438 aut
1382 2407 1594 2438 luculentaster

169 2461 224 2489 aut
239 2456 401 2494 formaster
417 2455 551 2496 friqidue
567 2456 655 2488 finxit
675 2462 706 2488 ct
726 2456 983 2488 obetrudulentum
1002 2459 1033 2487 et
1053 2455 1316 2495 luculentasmm,
1348 2458 1427 2488 hunc
1455 2457 1525 2496 (pro
1546 2456 1592 2487 lu-

168 2507 301 2544 cuntulo,
321 2510 355 2536 nt
367 2506 524 2536 adnotavit
532 2506 733 2536 Buecheler-1·
747 2507 780 2535 in
790 2505 937 2535 Ribbecki
948 2505 1079 2535 editione
1091 2506 1195 2544 tertia)
1213 2507 1373 2537 secundnm
1389 2506 1593 2544 fou-nimum,

169 2556 229 2587 nisi
247 2554 415 2594 praeces-it
434 2563 494 2593 qno
514 2557 672 2593 utrumqne
691 2562 799 2585 nomen
819 2553 1000 2585 luculentia·
1018 2553 1113 2585 fieret.
1158 2558 1163 2560 “

248 2604 279 2646 8)
299 2604 448 2637 cutilias
467 2614 494 2637 v.
515 2605 551 2638 51
572 2604 652 2636 alter
679 2604 767 2637 velim
790 2604 951 2645 paulisper
969 2606 997 2636 te
1016 2603 1166 2644 opperiri,
1195 2604 1273 2637 alter
1299 2606 1468 2647 interrogat
1498 2613 1594 2646 quan-
