1782 2996
788 141 1024 187 -87-,-

192 241 348 291 deatur3
373 242 470 293 quod
493 242 576 281 fieri
598 244 725 293 potest
750 242 863 281 etiam
886 242 1077 282 coniuncto
1104 243 1218 282 verbo
1241 255 1315 281 non
1330 241 1410 292 ipso
1426 241 1616 282 contrario

193 300 259 338 sed
281 301 378 349 quod
401 301 475 339 alio
499 302 604 339 modo
628 301 677 338 ad
699 313 779 338 rem
801 301 1000 349 pertineat.
1056 313 1173 349 genus
1197 301 1370 350 loquendi
1393 301 1528 339 Plauto
1552 313 1615 337 no-

192 358 272 394 tum
296 370 376 395 esse
401 358 588 396 Vahlenus
612 355 786 395 ostendit
799 357 839 394 in
862 357 980 395 indice
1004 357 1202 395 lectionum
1225 370 1258 394 a.
1285 358 1379 395 1880
1404 371 1439 407 p.
1452 359 1475 395 6
1500 357 1614 406 expli-

192 414 285 452 catis
310 415 477 453 versibus
501 416 595 453 Men.
623 415 692 452 106
722 426 805 452 nam
828 427 935 460 neque
958 416 1020 452 edo
1043 427 1148 462 neque
1172 427 1241 452 emo
1264 416 1337 452 nisi
1370 417 1461 462 quod
1483 419 1535 452 est
1558 427 1614 452 oa-
1681 430 1690 438 ·

191 471 367 508 ris-simum
398 472 496 520 (‘du0
519 472 625 521 ponit
649 472 715 509 sed
739 471 855 509 sentit
878 484 1005 508 unum:
1044 485 1144 509 mens
1180 472 1275 509 enim
1298 472 1458 520 parasiti
1491 474 1551 509 est
1574 472 1613 509 in

192 527 352 575 edendo;
389 529 447 565 cui
470 530 584 567 verbo
609 528 788 574 alterum,
814 529 974 574 emendi,
1013 529 1125 566 etiam
1149 529 1230 566 soni
1254 529 1494 566 similitudine
1519 542 1609 566 com-

191 585 416 631 mendatum,
452 586 611 623 adicitur
637 598 706 634 quo
731 585 790 635 vis
815 586 1052 622 asseverandi
1075 586 1137 623 vel
1160 586 1319 633 negandi
1341 586 1533 634 augeatur’
1560 586 1613 623 sic

191 641 405 689 Vahlenus),
431 643 532 679 Trin.
550 644 620 679 134
644 655 751 688 neque
774 644 816 678 de
838 643 899 678 illo
923 644 1103 688 quicquam
1127 655 1234 688 neque
1258 655 1381 679 emeres
1403 655 1511 689 neque
1533 655 1613 679 ven-

190 699 290 734 dores
313 699 376 735 ubi
398 699 444 736 de
468 699 617 736 emendo
641 702 788 735 tantum
818 699 964 746 agitur,
999 700 1107 747 Epid.
1132 700 1204 736 514
1236 700 1300 736 ubi
1331 700 1497 736 fidicinae
1521 700 1611 736 fides

192 755 399 804 reposcenti
422 755 546 793 verbis
576 756 663 802 fides
693 767 765 792 mm
799 755 942 793 reddis?
977 756 1222 805 respondetur
1256 768 1363 802 neque
1392 757 1477 803 fides
1508 768 1613 803 neque

190 813 344 860 tibias1).
383 813 489 850 huius
515 814 657 861 figurae
681 813 818 850 auxilio
842 813 1037 861 Ergasilus
1055 814 1161 862 Capt.
1177 815 1235 860 76,
1260 814 1441 851 invitatus
1466 813 1611 862 quidem

190 869 274 906 lusu
297 883 364 918 per
388 870 531 918 aliquot
554 884 685 907 versus
710 871 939 916 continuato,
964 871 1150 919 parasitos
1177 871 1387 908 ‘invocatos’
1413 884 1494 908 esse
1518 884 1611 907 com-

189 927 347 973 probare
371 927 514 974 potuit,
553 927 695 963 scilicet
717 939 803 972 quos
826 939 1011 972 numquam
1033 929 1213 973 quisquam
1246 940 1352 973 neque
1383 931 1481 964 vocat
1504 939 1613 973 neque

189 983 346 1029 invocat;
373 995 517 1019 sensum
542 983 687 1031 quidem
710 985 845 1020 invocat
867 984 1008 1020 nullum
1031 984 1141 1021 habet
1153 1012 1161 1029 ,
1195 985 1261 1021 sed
1283 984 1497 1021 antithesin.
1559 984 1613 1020 sic

189 1039 292 1075 Pers.
319 1039 387 1075 172
401 1052 454 1087 sq.
480 1051 570 1076 anus
603 1040 833 1077 meretricem
864 1040 920 1076 his
956 1041 1080 1077 verbis
1113 1041 1304 1089 increpans
1340 1053 1424 1077 nam
1457 1041 1612 1086 equidem

188 1099 221 1131 te
244 1096 314 1131 iam
338 1099 445 1132 sector
468 1097 624 1141 quintum
646 1098 736 1133 hune
750 1109 942 1133 annum—
956 1109 1056 1142 quom
1079 1098 1217 1133 interim
1241 1102 1281 1133 tu
1303 1109 1412 1134 meum
1435 1098 1611 1143 ingenium

187 1153 271 1197 fans
294 1156 393 1198 atque
415 1153 537 1198 infans
560 1154 715 1190 nondum
744 1155 846 1191 etiam
876 1155 1048 1191 edidicisti
1081 1166 1186 1191 omne
1217 1154 1353 1191 aetatis
1386 1156 1537 1191 tenerae
1570 1155 1610 1190 et

188 1208 339 1246 adultae
363 1212 507 1258 tempus
531 1210 724 1258 complecti
756 1211 857 1256 volt,
895 1224 976 1248 cum
1007 1212 1086 1248 sine
1120 1211 1372 1259 contraposito
1401 1212 1531 1256 fantem
1562 1224 1608 1248 ne

187 1265 309 1314 eloqui
344 1266 488 1315 quidem
520 1268 703 1315 potuerit;
740 1267 780 1304 id
809 1268 927 1315 igitur
960 1268 1053 1305 facit
1086 1270 1129 1305 ut
1163 1268 1333 1305 Catullus
1367 1267 1465 1305 dixit
1495 1269 1610 1304 omnia

185 1323 298 1368 fanda
321 1324 475 1369 nefanda
507 1326 546 1361 et
579 1324 646 1360 alii
679 1324 869 1369 similiter,
905 1325 970 1362 sed
1003 1325 1144 1361 Ennius
1175 1326 1252 1370 fata
1280 1326 1408 1371 fanda,
1444 1325 1608 1361 Lucilius

185 1380 331 1424 fundam
349 1380 491 1425 famam.
549 1393 629 1417 cum
652 1393 811 1428 persona
832 1381 1008 1418 Plautina
1040 1381 1131 1418 dicit
1163 1383 1248 1417 milvi
1279 1383 1393 1418 divini
1423 1394 1608 1426 numquam

187 1436 370 1481 quisquam
393 1437 532 1473 creduut
564 1436 707 1484 (Bacch.
733 1438 817 1484 504)
851 1437 914 1474 vel
945 1449 1130 1483 numquam
1166 1438 1282 1483 edepol
1313 1441 1352 1473 tu
1384 1438 1469 1473 mihi
1496 1438 1611 1473 divini

187 1493 323 1530 creduis
343 1497 421 1539 post
443 1494 534 1531 hunc
556 1489 645 1531 diem
668 1494 814 1544 (Amph.
839 1494 940 1543 572),
966 1494 1107 1533 iuranti
1131 1495 1201 1533 sibi
1225 1495 1264 1532 in
1287 1497 1477 1544 posterum
1499 1494 1608 1532 fidem

189 1551 363 1598 derogat;
402 1551 660 1598 amplificatam
683 1552 747 1588 ubi
769 1552 973 1589 invenimus
997 1553 1217 1589 locutionem
1241 1565 1345 1598 neque
1369 1554 1480 1588 divini
1503 1565 1609 1597 neque

187 1607 236 1642 mi
259 1607 403 1643 humani
422 1608 564 1652 posthae
586 1609 767 1653 quicquam
790 1610 975 1645 accreduas
997 1609 1116 1657 (Asin.
1137 1609 1232 1656 854),
1257 1609 1331 1645 iam
1353 1608 1518 1646 videmus
1535 1621 1606 1656 quo

187 1663 292 1700 modo
326 1663 549 1711 amplificata
572 1664 623 1701 sit
635 1665 680 1711 ²),
719 1668 831 1713 atque
855 1665 1022 1713 apertius
1047 1678 1189 1714 quoque
1213 1666 1323 1702 Poen.
1347 1666 1419 1702 466
1451 1666 1514 1702 ubi
1545 1666 1606 1701 ha-

186 1720 369 1768 ruspicem
392 1720 438 1757 de
461 1720 632 1757 litatione
657 1722 940 1769 respondentem
963 1725 1132 1770 spectans
1156 1722 1239 1758 leno
1257 1722 1312 1759 ait
1335 1723 1419 1767 quid
1441 1723 1473 1758 ei
1495 1723 1607 1758 divini

188 1780 252 1813 aut
272 1777 417 1813 humani
448 1781 622 1823 aequomst
653 1778 813 1815 credere?
877 1791 961 1815 nam
991 1781 1136 1816 tantum
1171 1779 1216 1816 de
1249 1792 1291 1816 re
1315 1779 1440 1816 divina
1470 1778 1607 1826 agitur.

187 1833 323 1882 optime
349 1834 558 1871 Gronovius
583 1835 754 1883 exposuit
778 1836 823 1872 de
848 1835 1076 1877 Curculionis
1101 1849 1169 1884 per
1193 1836 1291 1873 viam
1314 1836 1499 1873 currentis
1523 1848 1605 1872 ver-

185 1890 285 1927 sibus
309 1891 379 1928 296
392 1903 465 1940 sq.:

325 1957 405 1991 tum
427 1954 495 1992 isti
518 1954 581 2003 qui
603 1954 736 1993 ludunt
759 1955 1042 1993 datatimservi
1066 1968 1278 1992 scurrarum
1301 1955 1340 1992 in
1363 1956 1435 2002 via,

326 2013 366 2047 et
389 2010 539 2048 datores
565 2015 604 2048 et
627 2011 791 2049 factores
815 2012 930 2064 omnis
955 2012 1107 2049 subdam
1131 2014 1198 2049 sub
1223 2012 1350 2049 solum.

186 2085 316 2120 ‘sermo
340 2084 500 2131 parasiti
522 2097 622 2122 mere
646 2097 769 2132 nugax
785 2087 863 2131 est;
888 2098 972 2122 nam
988 2085 1073 2134 quia
1090 2087 1225 2122 datores
1241 2078 1446 2134 appellavit
1468 2085 1605 2132 (solent

183 2143 307 2177 autem
339 2140 593 2178 iurisconsulti
623 2141 842 2189 coniungere
872 2142 963 2178 haec
987 2142 1075 2187 duo,
1113 2143 1197 2178 dare
1228 2143 1360 2187 faeere,
1397 2144 1477 2178 tum
1500 2142 1540 2177 in
1562 2154 1605 2178 re

182 2208 341 2243 venerea
363 2200 559 2246 utrumque
584 2198 814 2245 conectitur),
840 2198 946 2247 quasi
966 2199 1012 2235 de
1028 2198 1213 2236 alterutro
1231 2199 1360 2236 horum
1375 2199 1602 2247 loqueretur,

155 2259 160 2262 '
183 2266 264 2290 cum
287 2253 526 2302 appellandos
550 2254 705 2292 haberet
727 2256 863 2292 datores
878 2256 944 2293 hos
962 2256 1120 2293 datatim
1135 2256 1314 2301 ludentes,
1341 2256 1446 2304 quasi
1461 2255 1603 2304 plenius

182 2306 273 2348 dicit
296 2315 329 2348 et
352 2312 491 2349 datores
514 2315 546 2348 et
565 2313 739 2357 factores:
776 2320 851 2350 non
881 2314 978 2362 quod
1008 2314 1097 2351 haec
1127 2327 1200 2351 vox
1231 2325 1275 2351 ea
1307 2313 1347 2350 in
1378 2326 1421 2350 re
1452 2313 1603 2361 proprie

181 2368 270 2415 quid
293 2368 492 2415 significet,
531 2369 596 2406 sed
619 2369 718 2406 risus
742 2370 890 2417 gratia'.
950 2384 1023 2407 non
1045 2371 1170 2418 potuit
1201 2370 1356 2415 rectius,
1391 2382 1434 2406 ac
1457 2370 1604 2407 frustra

260 2484 290 2523 1)
310 2485 420 2516 caecil.
443 2487 500 2516 190
529 2489 562 2516 at
583 2487 639 2525 pol
658 2496 709 2526 eqo
726 2496 821 2525 neque
838 2488 940 2525 florem
958 2496 1052 2526 neque
1069 2489 1172 2526 flocces
1189 2489 1256 2518 volo
1280 2487 1369 2525 mani,
1399 2487 1503 2518 vinum
1521 2488 1603 2518 volo.-

179 2533 359 2564 invitaverat
378 2533 423 2563 aie
443 2534 615 2572 loquentem
634 2536 744 2574 aliquis
764 2536 803 2565 ad
822 2535 926 2567 florem
946 2536 1058 2567 Liberi.

258 2582 289 2620 2)
310 2581 354 2613 Cf.
374 2590 449 2613 mus.
471 2581 566 2615 Rhea.
586 2583 744 2616 XXXVIII
763 2585 792 2615 2.

0 2976 229 2996 Q*-
234 2988 265 2996 u..
270 2983 414 2996 ..uA-...mhn
421 2988 526 2996 ...a-2102...
530 2988 628 2996 ,μκή-μ..
632 2991 641 2996 Α
645 2981 1158 2996 QQQQ
