1782 2988
752 174 987 212 ...2ο-

150 270 237 316 post
260 272 418 305 mortem
443 268 592 305 fabulae
616 268 694 305 eius
718 271 942 316 agerentur,
979 271 1018 305 et
1041 270 1147 305 actor
1170 268 1306 316 populo
1331 268 1496 307 studiose
1520 282 1580 307 ex·

150 324 296 372 petenti
319 324 515 361 Plautinas
540 324 686 361 fabulas
712 326 892 371 antiquam
926 325 1000 360 eius
1034 325 1142 360 edidit
1176 326 1381 361 comoediam
1405 325 1503 372 (Cas.
1521 326 1581 373 13)

151 394 225 417 non
249 381 328 418 sine
352 381 528 418 irrisione
553 381 820 418 comoediarum
845 389 949 429 quae
970 393 1065 417 nunc
1098 392 1215 418 novae
1249 381 1453 428 prodirent.
1514 394 1581 419 cur

152 437 271 484 igitur
295 439 373 473 tam
397 437 541 474 curiose
566 437 771 474 novitatem
796 437 943 474 fabulae
967 436 1040 472 iam
1064 439 1190 482 actae,
1217 439 1319 474 certe
1343 439 1494 474 exactae
1518 438 1579 474 de-

152 493 273 530 fendit
297 505 340 530 ac
362 506 437 531 non
460 493 499 530 id
532 493 655 542 potius
682 493 897 531 Terentium
928 493 967 530 in
1001 493 1156 541 prologo
1190 493 1361 541 proferre
1384 494 1577 532 Ambivius

151 550 279 595 iussit,
314 550 502 597 indignam
526 551 641 586 fuisse
664 551 852 598 Hecyram
876 562 968 598 quae
993 550 1208 597 exigeretur
1243 552 1282 587 et
1315 550 1463 597 dignam
1498 563 1578 587 esse

152 618 245 654 quae
266 608 466 654 spectetur,
492 619 563 655 quo
587 606 693 644 modo
718 606 759 643 in
782 607 902 644 altero
927 606 1080 654 prologo
1104 618 1183 643 rem
1206 605 1318 654 gerit,
1344 619 1424 643 cum
1440 606 1578 644 Caecili

151 663 287 699 fabulis
321 663 509 709 Hecyram
546 664 788 710 comparans?
846 664 912 700 sed
944 663 1067 699 eodem
1098 662 1204 699 modo
1229 662 1275 699 de
1299 663 1577 700 Heautontimo-

151 730 323 755 rumeno:
348 730 473 755 novam
497 730 569 755 esse
593 720 734 763 ostendi,
759 719 805 756 de
820 719 1055 756 Phormione:
1081 719 1224 763 adporto
1246 729 1378 763 novam,
1405 718 1449 755 de
1465 718 1578 756 Adel·

151 775 254 823 phis:
280 788 355 812 eam
378 788 442 812 nos
465 777 578 813 acturi
602 788 719 812 sumus
743 789 889 822 novam,
916 789 1007 825 quae
1032 775 1172 813 scilicet
1195 775 1314 812 locum
1336 775 1525 813 contineat
1539 776 1578 813 in

154 832 485 870 Commorientibus
511 845 534 869 a
558 833 707 881 Diphilo
744 834 922 882 positum,
959 845 981 870 a
1005 833 1139 870 Plauto
1177 832 1358 869 omissum.
1419 836 1577 881 apparet

155 902 247 938 quae
271 902 333 927 res
359 890 429 927 sit:
467 894 592 927 certus
624 890 725 927 locus
762 891 801 926 in
834 890 931 927 ludis
966 890 1140 927 scaenicis
1172 890 1278 927 novis
1312 890 1448 927 fabulis
1483 892 1577 935 erat,

153 947 244 983 item
269 950 393 983 certus
418 947 630 993 veteribus;
667 958 786 984 novae
821 960 901 983 cum
925 947 987 994 agi
1020 947 1216 992 deberent,
1253 946 1326 982 iam
1358 946 1452 983 actis
1476 946 1577 983 locus

153 1016 227 1040 non
252 1006 346 1040 erat.
405 1003 477 1039 iam
511 1003 778 1040 reminiscimur
813 1004 1052 1041 certaminum
1083 1003 1301 1050 atticorum,
1337 1014 1430 1052 quae
1455 1003 1579 1052 qualia

153 1060 244 1108 ipsis
270 1060 424 1097 Terenti
447 1060 675 1108 temporibus
710 1061 853 1097 fuerint
885 1061 991 1097 tituli
1024 1064 1111 1097 ante
1136 1060 1201 1097 hos
1225 1060 1362 1107 viginti
1385 1072 1499 1097 annos
1523 1060 1576 1096 in-

152 1117 257 1153 venti
288 1116 502 1153 docuerunt.
564 1120 674 1164 atque
698 1116 858 1154 Athenis
891 1116 1035 1164 quidem
1071 1116 1226 1164 primum
1256 1116 1390 1153 histrio
1424 1119 1576 1164 παλαιᾷ,

152 1172 347 1209 Menandri
371 1172 513 1209 scilicet
536 1172 729 1221 Posidippi
751 1173 984 1221 Philippidis,
1010 1173 1180 1219 certavit,
1206 1172 1336 1209 deinde
1359 1176 1491 1221 poetae
1514 1185 1576 1209 no-

152 1229 210 1267 vis
235 1229 312 1266 suis
336 1229 485 1275 fabulis,
512 1230 602 1266 item
619 1230 734 1278 Oropi
754 1233 794 1267 et
807 1230 976 1278 Thespiis
1001 1242 1073 1267 non
1096 1229 1212 1266 multo
1236 1231 1323 1277 post
1340 1229 1466 1266 Sullae
1486 1233 1576 1267 tem-

152 1298 246 1334 pora
269 1287 473 1333 τραγῳδίας
497 1290 536 1323 et
559 1288 750 1335 κωμῳδίας
780 1290 934 1329 παλαιᾶς
964 1288 1160 1333 ὑποκριτής
1172 1314 1180 1332 ,
1218 1286 1348 1323 deinde
1375 1288 1578 1334 τραγῳδίας

154 1346 194 1379 et
217 1343 408 1390 κωμῳδίας
438 1348 567 1389 καινῆς
598 1345 749 1389 ποιητής
783 1355 864 1379 cum
897 1342 1083 1379 actoribus
1119 1343 1195 1379 suis
1209 1343 1247 1389 1).
1313 1342 1439 1379 eodem
1471 1343 1576 1379 modo

152 1399 402 1436 Romanorum
437 1399 638 1436 certamina
674 1399 841 1436 scaenica
875 1399 1029 1436 Terenti
1066 1399 1210 1447 quidem
1245 1401 1370 1436 aetate
1405 1399 1577 1437 ordinata

152 1455 269 1492 fuisse
294 1468 339 1492 ex
361 1456 528 1503 prologis
553 1456 763 1493 fabularum
797 1456 875 1493 eius
912 1458 951 1492 et
975 1455 1129 1493 Casinae
1153 1455 1349 1493 Plautinae
1378 1456 1574 1494 manifesto

154 1512 401 1559 consequitur.
462 1512 560 1560 quod
583 1524 657 1548 non
679 1512 808 1549 multis
834 1512 938 1548 annis
963 1514 1051 1548 ante
1076 1511 1229 1548 Terenti
1253 1508 1462 1548 fabularum
1485 1516 1576 1549 tem-

153 1580 246 1617 pora
270 1568 409 1606 factum
434 1581 514 1606 esse
539 1569 686 1617 prologi
709 1581 733 1606 a
756 1568 892 1606 Plauto
919 1567 1049 1617 scripti
1080 1568 1210 1606 docent
1244 1568 1307 1617 qui
1340 1568 1385 1606 de
1408 1568 1577 1607 novitate

153 1626 421 1662 comoediarum
456 1628 602 1671 tacent;
650 1638 768 1674 neque
802 1638 891 1663 vero
926 1628 1121 1673 antequam
1151 1625 1312 1663 Naevius
1349 1630 1389 1663 et
1419 1626 1576 1664 Plautus

151 1681 368 1719 thesaurum
391 1683 561 1719 veterum
585 1682 795 1719 fabularum
819 1681 1078 1727 condiderunt,
1109 1681 1224 1718 attico
1249 1693 1350 1719 more
1375 1682 1576 1720 certamina

152 1738 303 1776 institui
325 1741 511 1787 poterant.

246 1805 363 1842 Paulo
388 1805 577 1843 difficilius
609 1806 653 1843 de
677 1805 1085 1843 Heautontimorumeni
1116 1805 1270 1854 prologo
1302 1805 1475 1843 iudicium
1505 1808 1575 1853 est,

152 1863 198 1900 de
224 1863 324 1900 cuius
350 1863 563 1911 corruptela
586 1877 659 1901 non
682 1866 830 1901 tautum
847 1862 912 1900 sed
927 1863 972 1900 de
992 1863 1255 1901 emendationis
1272 1876 1414 1913 quoque
1429 1864 1575 1902 ratione

151 1919 360 1956 consentire
383 1919 558 1957 videntur
590 1921 665 1957 viri
697 1920 799 1957 docti
831 1922 917 1967 post
939 1920 1183 1957 Dziatzkonis
1215 1920 1388 1957 subtilem
1411 1921 1575 1969 disputa·
1606 1930 1609 1932 '

150 1975 299 2014 tionem.
348 1988 416 2023 ego
442 1976 474 2013 si
497 1976 743 2026 interpretari
766 1978 897 2025 potero
921 1989 1050 2015 versus
1076 1976 1341 2023 conclamatos,
1367 1977 1412 2015 de
1436 1977 1573 2016 coniec-

150 2032 248 2069 turis
272 2044 439 2079 pugnare
462 2045 535 2069 non
559 2033 708 2070 debebo.
760 2033 890 2080 incipit
913 2033 1087 2080 prologus
1112 2045 1136 2069 a
1158 2033 1260 2071 iusta
1282 2034 1507 2081 partitione:

294 2103 428 2152 nequoi
452 2104 503 2142 sit
526 2108 696 2143 vostrum
719 2104 869 2151 mirum,
894 2117 987 2153 quor
1010 2105 1131 2154 partis
1156 2105 1236 2143 seni

292 2164 406 2209 poeta
430 2161 575 2199 dederit
599 2174 692 2210 quae
718 2165 806 2199 sunt
829 2161 1136 2208 adulescentium,

290 2217 330 2254 id
352 2217 511 2266 primum
535 2218 669 2265 dicam,
695 2218 826 2256 deinde
852 2218 947 2267 quod
969 2218 1055 2257 veni
1078 2219 1240 2268 eloquar.

149 2290 216 2328 sed
238 2303 312 2328 non
334 2291 464 2339 primis
489 2292 613 2329 verbis
638 2292 729 2331 dicit
754 2304 820 2329 cur
843 2292 989 2341 prologi
1011 2295 1142 2341 partes
1177 2293 1403 2342 susceperit,
1440 2292 1506 2331 sed
1528 2292 1574 2331 de

147 2347 292 2386 nomine
316 2347 465 2386 fabulae
488 2349 590 2397 agit3
625 2350 725 2388 cuius
750 2349 887 2387 mentio
911 2350 950 2387 in
973 2350 1204 2388 Phormionis
1229 2350 1385 2399 prologo
1409 2350 1468 2388 his
1492 2362 1574 2389 ver-

228 2501 259 2539 1)
278 2499 351 2531 Ias.
369 2501 487 2537 420‚26
497 2509 542 2540 sq.
563 2502 699 2540 1760,29
712 2510 757 2540 sq.
781 2501 865 2540 1⁷61,
876 2502 894 2533 8
906 2511 959 2541 ιφ,
979 2502 1017 2534 de
1036 2510 1163 2542 qnorum
1175 2505 1310 2541 tempore
1323 2500 1574 2539 nittenbergsrun

147 2549 421 2639 phifflipqi'leqtid
441 2550 526 2581 1760.
565 2558 603 2582 ex
621 2551 836 2590 imporatorum
855 2555 971 2591 aetate,
1001 2551 1132 2584 fortasse
1150 2551 1190 2583 11.
1210 2551 1349 2591 saeculo,
1368 2550 1475 2583 titulun
1494 2550 1572 2584 The-
