1782 2988
774 136 1009 172 „40-

266 227 374 264 Hunc
391 227 595 275 figurarum
616 227 664 264 ad
682 226 780 264 idem
802 242 918 276 genus
944 228 1210 277 pertinentium
1227 228 1422 267 circuitum
1438 228 1502 277 qui
1517 241 1608 267 cona

172 283 333 329 sfflcrat,
369 284 517 321 ratione
552 295 624 333 qua
656 284 760 320 nulla
793 285 931 322 certior
964 285 1183 333 intellegere
1216 285 1359 333 poterit
1391 284 1602 333 quid-inter

171 340 300 378 Plauti
324 341 551 389 Terentique
575 341 772 378 dictionem
796 342 1016 379 discriminis
1041 341 1258 379 intercedat.
1298 341 1467 379 luxuriat
1489 341 1599 379 Plau·

171 399 235 433 tus
258 397 413 444 figurati
437 398 616 434 sermonis
641 390 847 443 effluentia,
882 398 1030 435 lascivit
1060 398 1305 443 acuminibus,
1343 400 1464 435 scatet
1497 397 1599 435 mille

171 453 306 490 rivulis
330 453 475 492 iocosae
499 453 741 490 iucunditatis
753 467 762 501 ;
801 455 997 492 Terentius
1022 454 1161 492 atticae
1185 449 1429 503 parsimoniae
1454 454 1599 503 peritus

172 510 307 548 occulit
331 514 452 547 artem
476 513 516 548 et
540 523 585 548 ea
607 511 822 560 plerumque
847 511 1062 549 elocutionis
1088 511 1346 549 decoramenta
1380 510 1481 549 vitat
1506 523 1598 560 qnae

170 568 287 603 verba
310 580 384 603 non
409 579 537 604 sensus
562 568 736 615 figurant.
786 569 855 606 hoc
879 572 937 606 est
960 568 1056 617 quod
1081 568 1237 614 Caesar,
1272 568 1388 605 attico
1411 568 1492 616 ipse
1515 567 1598 605 cha-

170 623 312 660 racteri
335 623 500 669 deditus,
525 626 649 661 tamen
672 624 712 660 in
735 625 922 662 comoedia
945 624 1149 662 desiderat:
1187 625 1318 661 lenibus
1339 625 1474 660 utinam
1495 624 1599 660 dictis

171 682 335 716 adiuncta
356 682 446 725 foret
468 682 521 717 vis
546 682 688 726 comica;
724 680 792 717 hoc
823 676 935 718 etiam
970 683 1028 718 est
1060 693 1130 728 quo
1163 680 1348 717 comoedia
1383 680 1519 717 cultior
1552 693 1599 717 ex

171 736 301 774 favore
325 737 454 785 populi
477 737 690 785 litterisque
714 737 891 774 Romanis
917 737 1083 774 excidere
1107 736 1239 784 coepit.
1287 737 1327 773 in
1343 736 1471 773 Plauti
1493 737 1597 773 fabu-

168 794 216 830 lis
243 794 331 842 quid
355 794 539 841 placuerit
562 793 738 830 Romanis
775 794 960 842 equitibus
994 793 1251 842 peditibusque
1283 794 1345 842 qui
1378 805 1597 841 cognoscere

170 845 284 895 volet,
309 863 378 898 pro
404 850 569 898 exemplo
594 850 698 897 legat
714 850 946 888 Curculionis
971 863 1171 887 sermonem
1188 864 1222 887 v.
1236 850 1445 896 280-298;
1471 850 1595 887 nullus

171 906 252 943 fere
276 919 408 943 versus
434 909 492 943 est
516 906 605 954 quin
635 906 697 943 vel
727 919 816 943 sono
850 907 913 944 vel
946 919 1054 943 sensu
1087 919 1196 943 aures
1228 908 1433 943 mentemve
1462 905 1597 943 illiciat

173 964 333 1000 mulceat
358 967 538 1000 exerceat.
577 975 694 1011 neque
717 965 852 1009 tamen,
878 964 918 1000 id
940 964 1037 1012 quod
1060 967 1099 1001 et
1121 963 1321 1000 mirificum·
1337 963 1377 1000 111
1400 963 1471 1000 tali
1486 974 1597 1000 causa

171 1020 327 1057 maxime
352 1023 411 1057 est
436 1022 476 1057 et
499 1020 556 1057 rei
580 1032 755 1056 summam
781 1020 959 1068 attingit,
995 1032 1147 1068 usquam
1180 1020 1220 1056 in
1242 1020 1370 1057 Plauti
1392 1019 1460 1060 illa
1483 1020 1594 1056 abun-

170 1076 299 1114 dantia
322 1079 389 1114 aut
414 1079 568 1114 ornatus
592 1077 725 1114 nimius
750 1077 923 1125 displicet
947 1080 1013 1114 aut
1038 1077 1204 1126 quaesita
1228 1077 1391 1114 sentitur
1412 1078 1452 1114 et
1468 1078 1596 1114 coacta

171 1136 346 1171 venustas
372 1137 438 1171 aut
462 1134 650 1183 pigmenta
675 1134 870 1182 conspicua
894 1138 981 1171 sunt
1005 1134 1162 1171 artificio
1180 1134 1338 1171 obducta
1352 1134 1470 1181 magis
1487 1145 1595 1182 quam

170 1190 291 1227 nativi
316 1191 478 1237 colores;
514 1203 606 1239 quae
631 1191 751 1228 omnia
775 1191 946 1228 accidunt
969 1191 1009 1227 in
1038 1191 1187 1227 illorum
1211 1193 1250 1228 et
1274 1191 1482 1239 sequiorum
1504 1194 1595 1227 tem-

169 1260 302 1295 porum
325 1247 475 1296 scriptis
501 1247 769 1285 artificialibus.
829 1248 935 1296 atqui
958 1247 1085 1285 Plauti
1109 1260 1311 1285 sermonem
1334 1249 1380 1285 ab
1405 1250 1488 1285 arte
1512 1247 1596 1285 rhe-

169 1304 291 1341 torica
313 1317 387 1340 non
410 1305 570 1341 alienum
594 1317 674 1341 esse
698 1309 801 1341 certo
832 1305 1091 1341 intelleximus.
1150 1305 1239 1341 haec
1268 1305 1387 1351 igitur
1419 1317 1480 1341 res
1515 1306 1594 1341 est:

169 1360 340 1398 artificiis
364 1360 487 1398 utitur
510 1360 575 1398 ille
601 1360 755 1410 quidem,
782 1360 847 1398 sed
872 1360 1023 1398 divitias
1050 1360 1231 1398 dictorum
1255 1360 1352 1397 domi
1374 1360 1503 1407 habet5
1542 1360 1594 1397 di-

170 1418 261 1455 dicit
286 1418 431 1466 quidem
456 1418 587 1466 quibus
612 1418 841 1455 adminiculis
867 1422 906 1455 et
930 1418 1084 1455 infantis
1110 1431 1228 1455 sermo
1263 1418 1403 1466 aliquid
1436 1430 1516 1455 esse
1540 1418 1594 1455 vi-

170 1475 253 1511 deri
275 1475 407 1523 possit,
433 1479 591 1522 usurpat
616 1487 659 1511 ea
683 1477 857 1519 eatenus,
883 1477 927 1511 ut
950 1477 1081 1522 poetae
1105 1487 1178 1511 non
1200 1474 1305 1521 vulgi
1329 1486 1531 1511 sermonem
1555 1474 1594 1510 in

172 1531 357 1569 comoedia
381 1532 562 1569 exhibeat.
612 1532 780 1580 integros
805 1531 929 1569 fontes
953 1531 1110 1577 accedit,
1141 1531 1209 1568 οὐκ
1232 1531 1303 1568 ἀπὸ
1325 1533 1463 1579 κρήνης
1486 1533 1594 1567 πίνει.

172 1589 216 1625 dc
241 1589 452 1625 canaliculis
477 1589 662 1626 bibentem
681 1588 984 1637 deprehendimus
999 1588 1212 1625 Terentium
1236 1588 1275 1624 in
1298 1580 1520 1636 prologis'id
1536 1591 1595 1635 est

170 1645 209 1680 in
242 1645 472 1681 orationibus
505 1645 727 1691 scribendis;
765 1645 804 1680 in
835 1644 973 1680 fabulis
1004 1645 1207 1692 prudenter
1238 1644 1420 1681 abstinuit
1451 1644 1595 1681 dicendi

170 1714 306 1748 genere
331 1701 432 1737 cuius
458 1701 628 1738 artificiis
653 1713 839 1738 sermones
866 1700 1015 1748 opplere
1039 1700 1199 1745 nolebat,
1224 1700 1400 1737 Plautina
1416 1700 1593 1737 libertate

170 1758 229 1795 uti
252 1771 326 1795 non
349 1758 510 1795 valebat.
570 1758 670 1806 fugit
695 1757 894 1795 Terentius
929 1769 1008 1794 eam
1038 1758 1132 1794 artis
1156 1759 1302 1806 partem
1325 1769 1434 1806 quam
1457 1757 1593 1795 multos

167 1814 208 1852 in
231 1814 364 1853 vitium
387 1814 521 1853 ducere
545 1815 652 1861 vidit,
676 1815 835 1853 Plautus
860 1817 980 1852 artem
1005 1814 1150 1863 ingenio
1174 1814 1275 1852 vicit.

408 2976 642 2988 ιη’...υιμ-ω-ειὲμαιμ
649 2982 661 2988 -
669 2977 789 2988 ,ἑῴῳ
798 2984 822 2988 a
843 2981 860 2988 Α
872 2983 895 2988 ,...
