1782 2996
809 111 1046 151 ...11-

154 218 156 220 “
219 208 407 258 impedivit,
428 210 544 258 flayiti
564 210 755 258 flagrantia
778 207 997 256 contulerit,
1033 208 1140 258 plane
1164 206 1315 246 eandem
1337 207 1533 257 cognoscet
1557 203 1639 247 stili

220 267 458 318 disciplinam.
508 268 598 306 item
621 266 719 317 quod
736 267 877 306 Ennius
898 268 1038 304 Priamo
1060 269 1095 305 vi
1117 268 1224 304 vitam
1246 268 1372 305 evitari
1394 266 1486 305 dicit
1509 266 1558 315 (v.
1572 266 1637 311 8⁴7)

220 326 358 376 duplici
379 326 683 372 adnominatime,
709 337 863 375 quarum
887 324 1010 362 altera
1033 325 1122 363 item
1145 337 1232 362 usus
1258 328 1317 363 est
1333 324 1524 373 Turpilius
1549 324 1635 372 (202

218 385 341 431 quibus
363 385 463 421 rebus
488 385 560 420 vita
583 387 760 420 amantum
782 383 929 419 invitari
959 384 1073 429 solet),
1108 383 1231 420 altera
1254 382 1418 420 Lucilius
1452 382 1561 428 (1079
1584 382 1638 418 m's

218 444 270 477 est
291 442 374 488 vita,
396 440 491 476 unde
515 439 699 477 Varronis
722 438 969 488 veriloquium
992 439 1037 476 de
1060 440 1127 476 1.1.
1154 440 1191 477 V
1213 440 1285 486 63),
1310 440 1432 487 figura
1454 439 1563 487 plane
1587 437 1636 475 ad

218 497 314 534 idem
336 510 451 545 genus
475 496 640 544 pertinet
664 496 712 533 ad
735 496 832 544 quod
847 496 1022 534 Plautina
1043 497 1110 534 illa
1133 498 1278 533 auribus
1288 497 1528 542 peraurienda
1542 499 1635 540 sunt,

218 566 270 590 me
301 555 375 590 illis
407 554 542 599 quidem
574 554 656 589 haee
684 553 838 589 verberat
868 555 999 597 verbis,
1036 555 1110 591 Mil.
1137 554 1207 591 939
1230 555 1262 590 si
1289 554 1387 590 hodie
1408 554 1499 590 hane
1521 554 1637 589 dolum

219 610 422 653 dolamas1).
470 609 543 646 iam
566 609 606 646 in
628 609 747 645 Ennio
771 609 894 646 facere
918 610 1007 647 licet
1030 611 1126 659 quod
1149 610 1189 646 in
1212 610 1346 647 Plauto
1370 623 1443 647 non
1466 609 1565 654 licet,
1589 611 1634 646 ut

220 680 299 705 cum
323 667 524 716 exemplari
546 667 626 715 ipso
657 666 751 704 talia
782 679 1028 715 comparemus
1061 668 1124 716 (cf.
1150 669 1291 716 quaest.
1317 667 1372 704 Pl.
1397 668 1469 714 86).
1530 666 1636 716 atqui

219 726 491 771 παρονομασία,
531 725 795 770 ὁμοιόπτωτον,
832 724 1024 761 ἀντίθετον
1058 725 1251 762 coniuncta
1282 724 1321 760 in
1350 725 1418 761 hoc
1450 724 1634 761 versiculo

218 782 318 828 (230)
343 782 427 818 mihi
449 792 628 825 maerores,
655 781 710 817 illi
733 781 868 825 luctum,
891 782 1031 819 exitium
1053 783 1118 826 illi,
1142 782 1284 818 exilium
1306 782 1408 827 mihi,
1431 793 1558 818 eorum
1579 780 1634 817 ni-

218 839 272 875 hil
294 839 483 876 invenitur
506 838 545 874 in
568 838 759 886 Euripidis
782 839 907 875 verbis
931 839 1024 876 Med.
1049 840 1117 876 371
1132 852 1186 887 sq.
1220 852 1287 876 nec
1311 839 1502 887 quicquam
1526 838 1634 887 quale

218 897 470 942 παρονομασία
501 897 540 931 et
574 894 847 941 ὀμοιοτέλευτον
870 895 938 931 hoc
967 900 1003 931 ta
1026 908 1077 932 me
1109 897 1240 932 amoris
1272 897 1384 941 mayis
1406 907 1509 940 quam
1531 896 1635 931 hono-

217 953 271 988 ris
294 952 475 988 servavisti
496 952 612 997 qratia
648 951 687 987 in
709 951 921 1000 Euripideis
956 953 1004 995 ὡς
1020 953 1136 999 Ἔρως
1168 952 1198 988 o’
1226 953 1431 999 ἠνάγκασεν
1453 952 1571 996 τόξοις
1596 951 1635 987 ἀ-

219 1009 371 1055 φύκτοις
394 1008 531 1055 τούμὸν
555 1008 709 1043 ἐκσῶσαι
734 1008 845 1054 δέμας
870 1009 977 1054 (Med.
1003 1010 1104 1057 530),
1146 1009 1253 1045 immo
1287 1009 1444 1056 figuram
1476 1008 1635 1056 positam

220 1065 383 1102 videmus
408 1077 476 1112 pro
502 1065 696 1101 sententia.
756 1077 845 1112 ergo
869 1066 908 1101 in
931 1066 1049 1102 Ennio
1074 1066 1219 1114 quidem
1242 1066 1406 1103 dubitari
1428 1078 1502 1102 non
1525 1064 1635 1102 debet

220 1122 308 1171 quin
330 1124 450 1158 artem
475 1117 621 1158 secutus
646 1122 784 1169 figuras
809 1122 1013 1159 rhetoricas
1037 1123 1287 1171 usurpaverit.
1325 1122 1398 1159 iam
1421 1122 1547 1159 eadem
1563 1133 1635 1170 qua

217 1179 376 1215 Ennium
399 1179 545 1215 ratione
571 1179 784 1224 Caecilium,
823 1179 886 1228 qui
908 1191 1001 1217 anno
1037 1183 1123 1229 posi:
1156 1184 1313 1217 mortem
1336 1179 1434 1216 Enni
1465 1182 1633 1217 mortuus

218 1239 295 1283 est,
331 1236 371 1272 in
393 1236 573 1273 vertendo
598 1236 790 1273 Menandri
814 1249 979 1274 sermone
1002 1250 1075 1274 non
1107 1238 1269 1285 figurato
1303 1237 1464 1274 eiusdem
1486 1237 1633 1285 generis

217 1293 346 1341 figuris
371 1293 573 1330 versiculos
598 1305 684 1329 suos
709 1305 905 1330 exornasse
930 1294 1030 1330 Gelli
1051 1295 1225 1331 beneficio
1243 1294 1481 1342 comperimus
1493 1294 1530 1341 2).
1571 1294 1635 1342 qui

217 1361 309 1398 quae
332 1350 372 1386 in
394 1349 519 1386 Plocio
543 1349 667 1397 posuit
687 1351 803 1395 forma
826 1354 857 1386 et
878 1347 982 1396 fact-is
1002 1352 1087 1396 facit
1110 1351 1208 1399 (143)
1222 1351 1266 1397 ⁸),
1292 1351 1374 1387 dum
1397 1352 1472 1388 eius
1495 1354 1633 1387 mortem

295 1481 324 1517 1)
345 1479 388 1510 Cf.
411 1484 526 1517 quaest.
546 1480 590 1509 Pl.
611 1480 677 1509 282.
718 1480 927 1510 Lachmannus
947 1479 985 1509 ad
1005 1480 1092 1510 Lacr.
1116 1481 1171 1510 143
1184 1502 1192 1516 ‚
1221 1479 1383 1510 Raebelius
1410 1479 1447 1510 (le
1467 1488 1523 1510 usu
1542 1478 1633 1509 adno-

216 1527 387 1558 minationis
408 1528 456 1564 39,
475 1526 673 1564 Landgrafius
693 1527 730 1557 de
750 1527 798 1565 fig.
820 1532 907 1566 etym.

293 1576 324 1613 2)
343 1575 391 1605 Ex
411 1576 533 1613 reliquis
554 1575 664 1605 Caecili
685 1575 859 1613 fragmentis
879 1576 954 1605 baec
974 1576 1143 1605 adnotanda
1166 1580 1251 1605 sunt:
1271 1585 1297 1605 v.
1317 1577 1354 1605 26
1370 1576 1456 1613 parit
1473 1575 1544 1605 huic
1558 1583 1632 1612 pue-

214 1633 291 1661 rum,
310 1624 368 1654 sibi
383 1624 533 1661 probrum,
554 1625 592 1654 39
612 1633 678 1654 cum
697 1632 781 1654 suom
801 1624 859 1654 sibi
876 1625 959 1654 alius
977 1624 1074 1654 socius
1092 1625 1206 1654 socium
1224 1625 1358 1658 sauciat.
1386 1626 1425 1654 48
1444 1624 1508 1653 nisi
1526 1627 1630 1654 contra

217 1675 332 1703 constat
351 1672 536 1709 contumelia,
560 1673 614 1702 192
634 1672 750 1702 laetitia
769 1681 814 1703 me
824 1673 977 1710 mobilitat,
998 1680 1111 1702 maeror
1125 1673 1246 1702 molitur
1260 1676 1345 1709 maa,
1366 1673 1424 1702 209
1433 1672 1631 1710 praesu-iuius

213 1720 418 1759 praestrinxit,
438 1721 496 1751 233
515 1720 577 1750 tuis
593 1719 692 1756 foedis
708 1720 800 1756 factis
817 1720 898 1756 facis
917 1722 955 1756 (v.
970 1730 993 1751 s.
1015 1722 1098 1759 143),
1134 1722 1191 1751 250
1210 1721 1358 1758 nimisque
1382 1721 1509 1751 bardum
1528 1721 1633 1751 barba-

215 1778 292 1799 ram.
312 1786 351 1791 —
371 1779 397 1798 v.
412 1770 466 1799 160
485 1778 563 1799 nunc
583 1775 663 1799 recte
674 1770 858 1799 Ribbeckius
878 1770 931 1799 abi
950 1770 1065 1799 domum
1085 1770 1202 1807 adveni,
1223 1770 1338 1807 adsedi,
1358 1770 1395 1799 de
1415 1778 1475 1807 qna
1495 1769 1634 1808 asyndeti

167 1820 170 1823 “
215 1817 316 1855 specie
335 1817 397 1850 dixi
418 1823 531 1854 quaest.
547 1817 735 1854 Plaut.246⁴,
755 1819 841 1847 omisi
863 1818 938 1847 Rud.
962 1820 1016 1847 179
1035 1818 1062 1847 si
1082 1818 1124 1847 ad
1143 1827 1250 1847 saxum
1272 1827 1329 1855 quo
1348 1818 1484 1855 capessit,
1505 1818 1631 1847 eadem·-

215 1874 283 1895 sum
301 1865 399 1900 cadit,
434 1867 491 1895 307
511 1874 584 1895 nam
603 1874 668 1895 cum
688 1866 774 1895 niodo
793 1866 892 1896 exibat
909 1865 1008 1903 foras,
1033 1866 1074 1895 ad
1088 1869 1210 1903 portum
1228 1875 1260 1896 se
1279 1866 1362 1896 aibat
1380 1866 1438 1903 ire,
1471 1865 1555 1895 Triu.
1575 1866 1634 1895 '149

214 1917 249 1943 ut
266 1913 373 1943 adeam
390 1914 596 1951 Lesbonicum,
618 1914 753 1944 edoceam
771 1918 806 1944 ut
825 1923 873 1944 res
892 1923 923 1944 se
942 1915 1027 1944 habet
1045 1914 1122 1952 (P);
1156 1915 1227 1944 item
1257 1919 1339 1944 recte
1363 1915 1481 1945 codices
1509 1913 1634 1944 tradunt

215 1961 307 1991 Titin.
326 1971 353 1992 v.
373 1961 409 1991 51
432 1970 469 1991 ex
489 1962 653 1992 octonariis
673 1962 705 1992 dt
725 1962 838 2000 aliquis
856 1965 1014 1992 vestrorum
1031 1961 1036 2000 1
1058 1962 1176 1992 nantia
1192 1962 1337 2001 geminae,
1355 1966 1389 1993 ut
1406 1971 1454 1993 res
1472 1971 1546 1992 suas
1561 1970 1631 2000 pro-

214 2012 303 2047 curet,
323 2010 448 2040 aedibus
465 2009 604 2045 facessat.
645 2010 679 2040 Ο.
695 2011 862 2048 Altenburg
881 2011 912 2040 in
932 2011 1032 2041 libello
1052 2011 1205 2041 utilissimi
1225 2011 1343 2041 consilii
1363 2011 1408 2041 De
1427 2018 1563 2041 sermone
1582 2019 1633 2047 pe-

214 2057 309 2087 destri
328 2058 473 2088 Italorum
502 2059 705 2088 vetustissimo
724 2058 924 2096 (Fleckeiseni
945 2067 1012 2088 ann.
1032 2059 1130 2095 suppl.
1159 2059 1272 2096 XXIV)
1302 2068 1332 2096 p.
1354 2060 1390 2088 1⁷
1421 2059 1526 2088 vellem
1552 2058 1631 2088 hune

215 2113 302 2136 usum
321 2105 540 2136 consideratius
560 2105 746 2136 attendisset.

290 2154 323 2193 3)
343 2154 553 2194 Fragmentum
572 2155 652 2186 iuter
671 2164 769 2194 panca
787 2155 888 2187 nobile
906 2156 951 2187 sic
971 2155 1091 2194 incipit:
1111 2156 1141 2187 is
1152 2156 1269 2187 demum
1289 2156 1430 2187 miserest
1443 2154 1496 2194 qui
1514 2163 1630 2186 aerum-

213 2212 287 2233 nam
304 2211 393 2232 suam
410 2204 504 2233 nescit
523 2205 668 2233 occultare
684 2204 764 2239 ferre
783 2205 829 2234 ita
847 2213 893 2234 me
911 2214 989 2234 uxor
1004 2205 1103 2239 sonna
1123 2209 1150 2234 et
1168 2205 1262 2240 faccia
1276 2206 1520 2240 faeitsitaceam
1532 2208 1633 2234 tam

212 2250 366 2282 indicium.
415 2250 598 2282 Ribbeckius
617 2260 696 2283 nune
715 2255 896 2290 anapaestos
916 2252 1054 2290 agnovit,
1084 2251 1164 2289 foris
1184 2261 1240 2291 pro
1265 2252 1345 2289 ferre
1368 2251 1509 2291 retinnit3
1542 2255 1633 2290 atque

210 2301 272 2331 ista
291 2308 364 2331 sane
382 2304 417 2331 ut
436 2300 551 2331 tradita
569 2300 709 2338 leguntur
728 2301 803 2332 ferri
822 2310 881 2332 non
901 2305 1035 2340 possunt,
1054 2301 1182 2339 legenda
1199 2303 1244 2332 sic
1263 2306 1349 2333 sunt:

328 2348 354 2378 is
374 2348 490 2378 demum
509 2349 600 2379 miser
616 2353 664 2379 est
683 2350 735 2386 qui
754 2357 927 2379 aerumnam
947 2359 1029 2380 suam
1049 2351 1147 2380 nescit
1166 2351 1285 2380 occulta
1303 2359 1338 2380 re

326 2395 422 2427 ferre:
443 2396 489 2427 ita
507 2405 555 2427 me
572 2405 649 2428 uxor
667 2396 765 2427 forma
784 2401 815 2428 et
831 2397 922 2428 iactis
941 2397 1024 2435 facit,
1043 2398 1070 2427 si
1089 2401 1221 2436 taceam,
1242 2402 1342 2429 tamen
1362 2397 1513 2428 indicium.

210 2445 326 2477 scilieet
344 2446 373 2476 si
392 2449 502 2482 taceat,
522 2450 623 2476 tamen
642 2446 746 2476 uxoris
764 2445 891 2476 formam
910 2447 1032 2477 videant
1050 2447 1196 2485 homines,
1215 2451 1247 2477 et
1266 2448 1334 2485 ipsa
1353 2446 1446 2477 efficit
1465 2450 1499 2477 ut
1512 2446 1559 2476 vir
1570 2454 1632 2477 scr-

209 2494 346 2525 monibus
366 2493 523 2524 differatur
542 2494 582 2532 (v.
604 2495 788 2532 151-157);
819 2495 965 2526 indicium
982 2495 1060 2531 facit
1078 2497 1166 2533 quasi
1191 2496 1314 2526 verbum
1343 2496 1537 2526 transitivum
1563 2503 1631 2525 con·

209 2542 332 2579 struxit,
352 2542 411 2573 nisi
429 2542 612 2574 Ribbeckius
631 2546 713 2573 recte
732 2543 803 2573 olim
825 2553 891 2583 mea
911 2553 967 2582 pro
987 2553 1031 2576 me
1050 2544 1181 2583 scripsit.
