1782 2996
817 110 1051 151 ..27-

225 208 351 260 pulum
374 208 613 257 ὦστιζόμενον
636 207 720 258 περὶ
742 215 817 249 τῶν
839 207 961 254 ξύλων
983 206 1166 259 depinxit,
1201 206 1394 247 ἀντίθετον
1424 210 1570 247 tautum
1602 206 1643 246 in

225 267 346 306 media
367 266 582 305 narratione
606 270 646 305 et
669 279 750 304 cum
771 266 1065 305 adnominatione
1098 267 1138 304 in
1171 266 1303 304 ultima
1334 265 1469 315 posuit.
1534 279 1570 304 v.
1594 266 1642 303 26

225 325 323 374 quod
343 324 525 362 traditum
549 327 608 362 est
631 322 843 372 (funannb'uli
865 325 981 361 eodem
1003 318 1367 372 accessit‘expectatio)
1392 324 1472 362 sive
1496 323 1641 372 pugiles

227 384 267 420 et
289 381 539 418 funambulum
562 382 769 427 accessisse,
794 381 945 419 comites
970 383 1009 418 et
1031 381 1204 418 mulieres
1228 381 1359 419 fecisse
1381 383 1427 418 ut
1441 381 1642 418 histriones

226 438 465 487 exigerentur
480 438 579 476 dicas
596 439 675 477 sive
692 452 840 478 versum
856 438 1082 486 παρένθετον
1098 438 1225 483 facias,
1245 438 1486 486 grammatica
1501 440 1641 476 utrum-

225 508 294 544 que
307 523 316 541 ,
341 495 498 533 elocutio
522 498 693 533 neutrum
716 496 884 544 patitur;
922 495 988 532 sed
1010 496 1142 533 bonum
1164 508 1312 532 versum
1335 509 1406 544 quo
1431 496 1512 532 iure
1536 495 1642 532 eicia-

223 565 304 590 mus
327 565 401 589 non
422 552 549 590 video:
575 552 765 590 emendavi
788 551 969 590 restituta
992 553 1097 590 verbi
1120 552 1241 589 forma
1264 552 1309 589 de
1334 564 1406 601 qua
1429 552 1526 589 dixit
1547 552 1641 589 Bue-

223 609 387 647 chelerus
412 623 502 647 mus.
527 610 643 647 Rhen.
669 610 725 655 39,
750 609 841 655 414,
879 621 986 658 quam
1020 609 1140 647 tradit
1164 609 1204 646 in
1226 609 1354 647 Plauti
1377 610 1459 647 Cas.
1485 609 1556 646 604
1578 621 1641 658 pa-

221 667 434 716 limpsestus
468 680 549 704 cum
581 668 764 705 codicibus
797 670 948 716 praeter
972 668 1148 705 Veterem
1178 670 1218 704 et
1241 666 1378 715 Apulei
1400 666 1638 704 Florentinus

223 727 367 763 metam.
392 725 450 763 VI
473 725 530 762 31.
579 724 709 762 deinde
732 727 885 773 perorat
908 724 1106 773 prologus:

315 810 411 835 nunc
433 798 546 835 turba
569 811 642 835 non
665 801 743 843 est,
768 798 884 835 otium
908 801 947 836 et
970 798 1157 835 silentium
1181 799 1241 835 est
1254 797 1303 844 ¹);

316 855 484 903 agendi
516 858 706 903 tempus
730 855 819 892 mihi
842 855 1066 902 datumst,
1101 855 1206 893 vobis
1232 854 1382 892 datur

316 914 536 960 potestas
562 912 908 949 condecorandi
930 912 1035 949 ludos
1061 911 1263 949 scaenicos:
1595 913 1638 945 45

315 968 432 1006 nolite
456 969 577 1006 sinere
600 982 668 1017 per
691 982 776 1015 vos,
802 972 922 1007 artem
944 969 1118 1006 musicam

316 1025 481 1063 recidere
504 1026 553 1063 ad
574 1038 729 1075 paucos,
766 1026 879 1064 facite
902 1029 946 1064 ut
978 1028 1153 1064 vostra
1184 1025 1456 1063 auctoritas

315 1094 439 1119 meae
472 1083 763 1121 auctoritati
785 1083 929 1120 fautrix
953 1081 1118 1120 adiutrix
1143 1082 1225 1120 siet.

316 1139 350 1176 si
372 1151 565 1188 numquam
589 1152 702 1178 avare
725 1140 887 1189 pretium
909 1140 1029 1178 statui
1051 1140 1130 1177 arti
1152 1151 1254 1176 meae

316 1199 355 1233 et
379 1209 460 1233 eum
484 1209 564 1234 esse
589 1200 781 1245 quaestum
803 1197 844 1233 in
866 1197 1024 1234 animum
1047 1197 1176 1233 induxi
1208 1208 1475 1241 maxumum,
1596 1199 1640 1231 50

315 1264 423 1301 quam
445 1265 649 1290 maxume
674 1254 816 1291 servire
840 1254 981 1290 vostris
1006 1253 1200 1289 commodis
1213 1281 1221 1297 ,

315 1309 426 1346 sinite
449 1310 650 1358 impetrare
673 1322 748 1355 me,
778 1310 842 1359 qui
864 1310 913 1346 in
935 1309 1162 1347 tutellam
1184 1321 1322 1346 meam

316 1365 479 1403 studium
502 1379 606 1403 suom
629 1369 668 1403 et
693 1379 732 1403 se
756 1367 806 1403 in
829 1369 1039 1403 vostram
1063 1366 1244 1403 commisit
1267 1365 1429 1411 fidem,

313 1435 359 1460 ne
384 1435 466 1459 eum
489 1422 774 1461 circumventum
806 1423 965 1472 inique
996 1423 1149 1471 iniqui
1182 1423 1378 1460 inrideant.

315 1491 396 1516 mea
428 1491 573 1516 causa
606 1492 789 1517 causam
821 1480 1041 1528 accipite
1073 1483 1112 1516 et
1136 1480 1248 1516 date
1273 1479 1477 1524 silentium,
1595 1482 1638 1513 55

312 1538 360 1578 ut,
378 1535 506 1572 lubeat
535 1536 749 1573 scribere
779 1536 892 1573 aliis
915 1536 1103 1584 mihique
1127 1538 1171 1572 ut
1195 1536 1389 1573 discere

314 1604 429 1629 novas
454 1592 626 1641 expediat
649 1593 804 1641 posthac
826 1593 948 1642 pretio
973 1585 1117 1641 emptas
1139 1605 1218 1630 meo
1232 1593 1272 1639 ²).

221 1664 330 1709 Quam
354 1664 464 1709 lepide
486 1664 600 1708 λέξεις
623 1667 834 1710 compostae!
854 1665 943 1702 haee
967 1665 1085 1712 igitur
1108 1665 1176 1702 illa
1198 1677 1260 1701 ars
1277 1668 1337 1702 est
1352 1676 1459 1713 quam
1475 1665 1638 1702 homines

219 1719 359 1757 nobiles
385 1720 494 1757 simul
517 1723 557 1758 et
580 1721 718 1759 eruditi
741 1721 842 1759 illius
868 1722 965 1768 aevi,
992 1721 1121 1770 quibus
1147 1721 1302 1759 Terenti
1326 1721 1512 1769 elegantia
1535 1721 1639 1758 cordi

218 1777 303 1822 fuit,
327 1777 480 1814 maxime
504 1779 733 1825 probabant3
772 1779 861 1816 haec
893 1779 962 1815 illa
984 1782 1045 1815 ars
1070 1779 1118 1815 ad
1141 1779 1242 1815 cuius
1267 1790 1432 1815 normam
1456 1778 1637 1826 Scipionis

215 1833 483 1870 adulescentuli
506 1834 664 1882 elogium
687 1835 890 1883 expolitum
914 1838 983 1872 est.
1042 1847 1127 1871 nam
1150 1835 1223 1871 iam
1253 1835 1501 1882 intellegimus
1525 1835 1635 1883 plane

217 1889 440 1930 consimilem
463 1903 544 1928 esse
568 1893 689 1929 artem
712 1892 882 1930 carminis
907 1892 1008 1929 illius
1031 1904 1194 1938 maynam
1217 1893 1425 1937 sapientiam
1446 1892 1637 1937 multasque

217 1947 360 1983 virtutes
383 1947 461 1984 arti
484 1948 722 1996 prologorum
738 1950 893 1986 Terenti
904 1950 941 1996 ⁸).
981 1951 1092 1996 atque
1109 1948 1230 1996 Scipio
1246 1948 1474 1986 Aemilianus
1491 1949 1637 1997 quidem

295 2055 324 2094 1)
344 2054 512 2086 &naisum
539 2057 649 2088 rectius
678 2050 820 2095 exprimit
838 2057 975 2089 Bembini
1004 2057 1155 2095 scriptura
1175 2065 1263 2095 quum
1283 2056 1424 2095 Oslliopii
1452 2057 1528 2088 haec
1546 2057 1635 2088 turba

218 2104 307 2135 naua
326 2107 376 2134 eet.

294 2153 326 2192 2)
347 2153 423 2184 Don.
442 2153 482 2184 sd
502 2163 527 2184 v.
550 2155 589 2185 50
608 2159 639 2185 et
658 2156 696 2186 54
715 2154 898 2195 παρόμοιον,
918 2156 959 2187 sd
978 2165 1003 2186 v.
1024 2156 1061 2186 55
1081 2155 1309 2194 παρονομασία.

292 2201 323 2240 8)
341 2201 376 2231 Iu
405 2202 598 2240 prologorum
627 2212 762 2235 sermone
791 2205 938 2243 quomodo
968 2205 1025 2235 hoc
1053 2205 1131 2235 artis
1161 2213 1255 2242 genus
1284 2203 1447 2235 obtinuerit
1466 2204 1635 2235 luculenter

214 2249 326 2281 Laberi
347 2250 491 2288 prologus
511 2250 653 2292 ostendit,
672 2252 724 2291 qui
743 2252 788 2283 sie
808 2253 933 2292 incipit:

408 2298 591 2337 Necessitas,
611 2301 696 2332 cuius
716 2309 821 2332 cursus
841 2302 1006 2333 transversi
1025 2301 1169 2339 impetum

409 2347 627 2382 voluerunt
646 2349 769 2380 multi
789 2349 929 2388 effugere,
946 2350 1063 2389 pauci
1081 2352 1318 2388 potuerunt,

408 2404 467 2434 qno
487 2404 534 2427 me
552 2396 682 2429 detrusit
700 2406 796 2436 paene
816 2399 958 2430 extremis
978 2398 1138 2430 sensibus?
1580 2398 1638 2429 100

410 2453 497 2483 quem
516 2445 600 2476 nulls
619 2446 799 2485 ambitio,
818 2447 903 2478 nulls
921 2455 1059 2486 umqum
1078 2448 1270 2486 largitio,

411 2493 511 2524 nullus
530 2494 631 2532 timor,
650 2495 696 2526 vis
716 2495 816 2533 nulls,
836 2496 921 2526 nulls.
939 2496 1105 2527 auctoritas

415 2550 534 2574 movere
551 2543 652 2584 potuit
670 2543 710 2576 in
728 2544 894 2576 iuventa
913 2544 952 2577 de
971 2548 1066 2582 stetu,
1123 2583 1125 2585 Ι
