1782 2996
270 878 493 916 Revertenti
515 877 604 914 mihi
627 877 676 914 ad
699 877 987 926 disputationem
1009 879 1054 916 de
1078 878 1208 925 figuris
1234 878 1411 915 sermonis
1426 878 1598 915 Plautini

177 948 294 983 nuper
318 935 525 971 incohatam
548 938 635 971 ante
660 934 780 970 omnia
804 935 1048 982 quaerendum
1072 934 1232 979 videtur,
1258 934 1387 982 ecquid
1402 935 1442 971 in
1458 948 1500 972 eo
1519 947 1595 971 ser·

175 1003 279 1028 mone
303 991 352 1027 ad
373 992 492 1039 ipsam
515 993 635 1028 artem
658 990 881 1028 rhetoricam
905 991 1138 1028 referendum
1162 991 1223 1027 sit.
1281 1003 1373 1039 quae
1406 985 1514 1039 quam
1537 991 1593 1027 in-

176 1048 315 1085 tricata
339 1048 392 1085 sit
415 1047 582 1096 quaestio
607 1047 716 1084 facile
740 1050 907 1096 apparet.
943 1060 1058 1097 neque
1083 1048 1179 1085 enim
1203 1048 1296 1085 satis
1320 1050 1380 1085 est
1396 1049 1595 1085 verborum

177 1105 315 1151 figuras
340 1104 623 1152 deprehendere,
650 1103 715 1140 sed
738 1104 819 1141 tria*
838 1100 965 1152 utique
990 1104 1238 1141 considerabit
1269 1104 1301 1140 si
1325 1105 1405 1152 quis
1430 1104 1593 1141 iudicare

176 1160 301 1197 volet:
335 1160 495 1208 primum
518 1160 606 1208 quid
637 1163 769 1208 poetae
803 1160 911 1197 attici
945 1161 1131 1208 exemplar
1161 1161 1340 1208 praebere
1364 1160 1499 1197 Plauto
1531 1173 1594 1207 po-

175 1216 312 1263 tuerit,
347 1216 477 1254 deinde
511 1216 599 1266 quid
630 1216 804 1255 dictionis
834 1217 1021 1266 popularis
1045 1217 1197 1255 nativae
1222 1216 1453 1265 simplicitati
1476 1216 1595 1254 tribui

175 1274 316 1320 debeat,
341 1278 528 1322 postremo
553 1287 646 1323 quae
669 1274 853 1322 figuratae
876 1288 943 1323 per
966 1278 1085 1312 artem
1108 1275 1325 1312 elocutionis
1349 1274 1486 1311 indicia
1509 1288 1593 1322 sup-

174 1332 315 1379 petant.
377 1333 479 1367 certe
513 1331 579 1367 has
616 1331 847 1379 quaestiones
879 1331 1091 1379 plerumque
1117 1344 1290 1379 ponemus
1315 1331 1460 1368 facilius
1486 1343 1594 1379 quam

174 1388 375 1434 solvemus;
409 1388 474 1425 sed
503 1401 610 1436 quam
642 1388 837 1436 multiplex
871 1388 1052 1425 dubitatio
1087 1388 1139 1425 sit
1171 1388 1377 1436 cogitantes
1409 1391 1516 1426 caute
1540 1388 1594 1425 in-

174 1445 350 1481 cedemus.
1159 1448 1161 1451 ’

268 1500 417 1539 Certius
442 1503 566 1538 autem
590 1513 698 1549 quam
721 1500 760 1537 in
793 1500 928 1538 ceteris
958 1499 1173 1549 disciplinae
1207 1500 1415 1538 rhetoricae
1450 1500 1591 1538 indoles

174 1558 406 1606 cognoscitur
431 1558 470 1594 in
493 1570 535 1594 eo
558 1570 694 1605 genere
718 1557 922 1604 figurarum
951 1559 1038 1603 quod
1061 1561 1123 1593 aut
1145 1559 1371 1594 similitudine
1394 1559 1513 1603 aliqua
1535 1570 1593 1594 vo-

174 1627 249 1652 cum
272 1619 333 1652 aut
350 1616 498 1661 paribus
519 1619 582 1651 aut
606 1616 790 1651 contrariis
813 1616 978 1652 convertit
998 1615 1037 1651 in
1061 1626 1099 1651 se
1123 1626 1226 1651 aures
1249 1618 1280 1651 et
1303 1616 1430 1651 excitat
1446 1614 1591 1663 (Quint.

173 1673 231 1708 IX
247 1673 280 1718 3,
299 1673 369 1720 Ι66).
418 1685 490 1720 quo
515 1673 559 1708 de
583 1684 718 1719 genere
742 1672 916 1708 universo
941 1674 1050 1719 atque
1074 1672 1120 1708 de
1148 1672 1307 1708 historia
1324 1672 1382 1709 rei
1395 1672 1590 1709 Eduardus

174 1729 327 1767 Norden
349 1729 389 1765 in
412 1728 509 1766 libro
534 1728 579 1765 de
606 1731 690 1765 arte
714 1729 893 1765 sermonis
917 1728 1100 1776 pedestris
1125 1728 1231 1764 modo
1256 1728 1356 1766 edito
1390 1729 1446 1766 ita
1470 1729 1591 1777 dispu-

173 1786 273 1824 tavit
296 1790 340 1824 ut
364 1786 480 1824 otium
502 1786 607 1823 nobis
632 1785 766 1823 fecerit
796 1786 924 1823 dumos
957 1788 1150 1834 sentesque
1182 1785 1372 1823 excidendi
1395 1790 1507 1835 atque
1529 1799 1591 1824 ne-

172 1843 315 1890 gotium
349 1855 423 1879 non
457 1842 559 1879 aliud
588 1842 785 1890 reliquerit
818 1854 925 1890 quam
958 1855 1023 1890 per
1055 1842 1154 1878 viam
1184 1845 1305 1879 tutam
1337 1854 1380 1878 ac
1412 1843 1591 1879 munitam

174 1911 287 1948 porro
303 1898 566 1948 proficiscendi.
599 1898 663 1936 ille
680 1911 760 1935 cum
782 1899 970 1936 continere
993 1898 1073 1935 fere
1092 1910 1131 1935 se
1146 1898 1249 1935 intra
1262 1910 1395 1947 prosae
1411 1899 1591 1937 orationis

173 1956 263 1993 fines
289 1956 470 2002 voluerit,
504 1960 629 1993 tamen
658 1958 853 2003 poetarum
877 1968 1016 2004 quoque
1040 1955 1246 2001 admonuit,
1270 1956 1461 2004 Euripidis
1486 1970 1592 2005 prae·

175 2012 304 2050 sertim
328 2016 367 2050 et
382 2012 481 2049 Enni
504 2013 552 2061 (p.
569 2012 626 2050 29.
643 2012 724 2048 832.
741 2013 837 2059 889),
863 2024 1014 2061 quorum
1038 2016 1194 2060 uterque
1218 2012 1452 2060 incipientem
1471 2017 1591 2052 artem

171 2069 404 2117 popularium
428 2081 576 2107 suorum
601 2069 725 2106 sensui
739 2069 951 2106 insinuavit.
988 2079 1076 2105 sane
1088 2069 1216 2106 Plauti
1228 2069 1452 2118 Tel-entique
1469 2083 1588 2109 sermo

172 2137 196 2163 a
218 2126 386 2173 pedestri
408 2137 482 2162 non
504 2126 650 2173 longius
675 2125 795 2168 distat
811 2137 918 2173 quam
935 2125 1156 2172 scriptorum
1171 2126 1372 2162 multorum
1387 2139 1410 2163 a
1425 2129 1587 2174 poetico;

172 2185 215 2218 ut
238 2181 442 2230 figurarum
464 2182 504 2218 in
527 2181 706 2219 orationis
731 2194 836 2218 usum
859 2181 943 2219 inde
967 2180 1144 2229 aGorgia
1166 2182 1399 2232 fortibusque
1422 2184 1487 2232 qui
1502 2187 1590 2222 ante

171 2237 349 2286 Gorgiam
382 2239 488 2276 fuere
518 2239 748 2277 excultarum
777 2239 973 2277 historiam
1003 2238 1116 2275 etiam
1149 2239 1365 2283 comicorum
1387 2241 1589 2279 latinorum

170 2306 234 2331 ars
249 2294 383 2344 aliqua
406 2307 453 2333 ex
475 2297 585 2344 parte
608 2295 813 2333 inlustrare
836 2308 945 2344 posse
968 2294 1139 2333 videatur
1150 2296 1187 2343 ¹).

176 2466 180 2470 ⁴
250 2451 281 2490 1)
300 2451 356 2483 ‘De
382 2461 440 2484 usu
459 2454 711 2487 adnominationis
730 2456 813 2495 apud
833 2456 1034 2487 Romanorum
1053 2459 1160 2494 poetas
1178 2455 1316 2487 comicos'
1335 2456 1397 2494 egit
1416 2456 1450 2487 0.
1471 2456 1587 2488 Rachel

172 2499 274 2539 (Hnlls
295 2501 393 2544 1882),
411 2510 501 2540 quam
520 2503 754 2543 disputationem
772 2505 843 2536 huic
861 2506 985 2536 nosti-nc
1003 2504 1158 2535 adhibebit
1177 2505 1228 2543 qui
1246 2505 1365 2542 plenam
1384 2506 1588 2544 exemplorum

172 2548 292 2585 copim
310 2548 505 2580 desiderabit.
543 2552 697 2583 rhetorum
715 2553 889 2583 mamonis
914 2553 1064 2591 congenuit
1088 2553 1166 2582 idem
1184 2561 1214 2590 p.
1235 2554 1306 2591 ⁶⁸11·
1325 2558 1356 2583 et
1376 2554 1411 2584 L.
1433 2554 1589 2585 Buchhold

172 2595 210 2629 de
227 2604 458 2638 pai-onomaton
477 2598 559 2638 apud
578 2599 695 2633 veteres
715 2600 918 2640 &morum
937 2604 1043 2642 poetas
1062 2610 1118 2632 usu
1136 2610 1166 2640 p.
1186 2603 1204 2632 7
1218 2610 1262 2640 sq.

1281 2652 1327 2689 1*
