1782 2996
780 182 1004 235 .’““8-

183 279 314 316 borum
339 277 645 326 significationem
668 277 810 325 figurae
835 289 944 315 causa
967 276 1124 315 inflectit
1147 276 1224 315 Mil.
1249 277 1320 315 669
1350 279 1434 325 quid
1457 280 1507 317 ad
1528 280 1612 318 illae

183 341 277 374 artes
301 337 461 382 optas-sie,
486 336 519 372 si
542 336 633 381 optio
657 335 788 372 eveniat
812 336 889 379 tibi,
915 334 977 371 ubi
1002 334 1186 382 optionem
1209 347 1283 372 non
1306 334 1462 374 duarum
1485 346 1611 375 rerum

185 394 277 431 dicit
301 392 455 442 optandi
487 393 601 430 verbo
634 392 740 429 iuxta
771 391 914 440 posito,
950 391 1111 440 itemque
1135 390 1217 429 Cas.
1244 392 1314 429 190
1344 405 1408 431 nec
1438 395 1523 432 mihi
1556 395 1613 432 ius

184 464 293 488 mcum
316 451 496 496 optinendi
520 451 643 494 optiost
666 448 772 497 quasi
795 449 935 496 copiam
959 449 1079 494 dioat;
1105 448 1151 485 de
1167 448 1298 497 quibus
1315 450 1405 488 locis
1423 464 1469 488 ex
1484 464 1612 489 norma

186 520 229 545 ae
252 507 384 555 regula
407 506 572 543 iudicans
596 506 791 553 Langenus
818 505 916 542 stud.
940 505 1063 541 Plaut.
1089 505 1159 541 326
1184 505 1343 543 fallitur.
1393 507 1432 544 in
1456 508 1525 545 hoo
1550 521 1610 556 ge-

186 577 274 602 nere
298 565 421 601 melius
454 567 556 609 atque
587 564 705 599 acrius
729 562 979 607 Quintilianus
1003 561 1094 598 dicit
1110 562 1152 609 (ἓ
1176 562 1238 610 71)
1273 565 1362 609 quod
1393 576 1468 601 cum
1498 567 1613 612 βφπθ-α

185 622 374 658 iucundum
397 624 448 655 est
471 624 545 655 tum
567 621 670 655 etiam
693 630 797 654 sensu
829 620 937 664 valet3
973 618 1085 665 digna
1114 630 1175 654 res
1204 630 1296 666 quae
1319 620 1447 657 Plauti
1469 621 1612 669 aliquot

187 678 361 726 exemplis
386 667 877 731 11111181181111.Μ81·ο.356
902 675 1021 712 hocine
1049 678 1101 711 est
1131 676 1282 712 amare?
1316 688 1422 714 arare
1453 678 1612 715 mavelim

186 747 288 779 quam
312 736 364 771 sic
386 734 560 779 amare¹)‚
598 733 759 768 fortasse
796 724 844 768 ex¹
865 732 1087 768 Philemonis
1120 732 1284 779 exemplo
1309 734 1435 769 verbis
1460 734 1548 780 ἐρᾶν
1572 737 1611 771 et

187 791 303 837 ἀροῦν
326 789 508 833 ludentis;
534 789 644 826 Mero.
658 789 704 824 82
728 800 846 824 amens
862 800 1059 833 amansque,
1085 787 1182 836 quod
1200 789 1396 827 exornavit
1412 789 1609 828 Terentius

186 847 283 884 And.
309 847 380 883 218
403 846 586 891 inceptiost
609 846 812 890 amentium,
846 846 940 882 haud
962 845 1171 889 amantium,
1196 844 1350 893 repetiit
1373 845 1553 895 Apuleius
1565 847 1611 895 2);

187 904 290 940 Τ1·111.
308 904 378 939 259
403 904 512 939 Amor
536 914 662 938 amara
685 903 745 938 dat
768 905 891 945 tamen,
916 901 1017 937 ouius
1043 901 1247 938 ornamenti
1272 902 1475 950 exemplum
1498 904 1610 948 Quin-

186 960 340 997 tilianus
363 959 470 1007 ponit
494 959 630 995 vitandi
645 959 766 1002 potius
790 969 894 1002 quam
916 958 1077 993 imitandi
1097 958 1215 1003 qratia
1248 958 1283 1005 (5
1308 958 1369 1003 69,
1396 958 1442 995 cf.
1468 959 1515 996 ad
1539 960 1612 997 He·-

188 1029 290 1053 renn.
316 1016 373 1052 IV
397 1015 476 1061 21);
502 1015 608 1051 Men.⁴
623 1015 693 1051 978
716 1025 797 1049 nam
820 1015 932 1058 magis
955 1015 1059 1049 multo
1075 1014 1196 1058 patior
1214 1015 1356 1058 facilius
1379 1015 1500 1058 verba,
1534 1028 1614 1052 ver-

188 1073 269 1109 bera
292 1083 351 1118 eqo
374 1072 441 1116 odi,
467 1070 564 1120 quod
588 1072 763 1119 repetunt
787 1069 987 1106 Terentius
1011 1069 1144 1106 Heaut.
1170 1069 1241 1106 356
1275 1070 1339 1106 tibi
1361 1074 1466 1106 erunt
1483 1076 1611 1117 parata

188 1131 307 1173 verba,
331 1130 411 1165 huic
434 1129 564 1165 homini
586 1129 725 1164 verbera
756 1129 794 1164 et
819 1128 944 1164 Varro
969 1140 1042 1164 rer.
1067 1129 1160 1164 rust.
1186 1127 1207 1163 I
1231 1127 1286 1173 17,
1312 1127 1335 1163 5
1358 1131 1398 1164 ut
1419 1129 1613 1166 verberibus

188 1190 362 1223 coerceant
379 1187 499 1230 potius
523 1192 628 1229 quam
650 1185 769 1229 verbis,
795 1184 861 1221 sed
884 1185 964 1231 ipse
988 1184 1144 1220 Plautus
1168 1184 1304 1220 iterum
1326 1188 1484 1232 usurpat
1502 1185 1611 1223 Truo.

190 1243 259 1278 113
283 1254 335 1278 me
358 1243 432 1277 illis
454 1242 589 1287 quidem
613 1242 695 1277 haec
716 1241 871 1276 verberat
894 1241 1005 1276 verbis
1029 1240 1185 1287 figuram
1201 1252 1311 1277 sensu
1325 1240 1434 1277 facile
1451 1254 1490 1278 se
1507 1254 1612 1290 prae-

188 1301 335 1337 bentem
343 1299 390 1346 ³);
416 1299 527 1335 Mero.
553 1299 623 1335 345
647 1299 697 1334 ita
720 1298 832 1334 animi
854 1299 965 1333 dece-m
989 1298 1028 1333 in
1046 1301 1181 1342 pectore
1203 1298 1325 1333 incerti
1349 1302 1492 1345 certant,
1516 1299 1613 1347 quod

190 1369 263 1393 non
287 1358 433 1393 tantum
458 1355 611 1392 Volcaci
635 1354 794 1401 Sedigiti
825 1354 998 1391 admonet
1028 1355 1151 1390 multos
1181 1355 1329 1390 incertos
1361 1358 1494 1392 certare
1523 1356 1613 1393 hanc

198 1498 352 1532 spectant,
372 1494 529 1531 legendum
549 1497 649 1523 autem
669 1502 735 1522 eum
755 1493 910 1523 codicibus
925 1493 1041 1530 Turpil.
1053 1493 1090 1522 82
1110 1492 1180 1522 huic
1198 1492 1302 1522 vilieor
1320 1496 1389 1523 ante
1408 1494 1516 1531 urbem,
1536 1503 1617 1525 nanc

190 1553 244 1574 rue
264 1552 297 1574 eo
316 1544 389 1582 (non
409 1543 473 1578 hic,
505 1551 575 1572 nam
600 1542 704 1572 vilicus
725 1551 776 1572 rus
797 1542 895 1572 iturus
916 1542 1049 1579 loquitur
1080 1546 1150 1571 aute
1170 1541 1259 1571 aedes
1279 1541 1404 1578 domini)
1434 1547 1464 1572 et
1487 1544 1542 1573 170
1562 1550 1613 1581 eqo

190 1592 325 1621 nondum
345 1591 433 1620 etiam
452 1591 522 1620 huic
540 1591 692 1626 vilicabor‚
711 1590 867 1619 Phaedria
887 1590 958 1627 (uou
979 1589 1028 1619 hic
1046 1593 1099 1618 aut
1118 1589 1202 1626 hice).
1241 1589 1289 1619 his
1309 1589 1346 1618 de
1365 1589 1503 1627 Tui-pilio
1524 1590 1612 1628 addo,

192 1640 270 1677 quod
291 1639 407 1669 Nonius
428 1648 451 1668 s.
472 1642 592 1676 tanqere
611 1638 711 1668 adfert
730 1638 841 1667 servuli
862 1646 899 1666 ex
918 1637 1070 1666 Leucadia
1090 1637 1196 1666 verba:
1220 1637 1275 1667 hoc
1295 1645 1420 1675 quaero,
1440 1638 1588 1676 iqnoecere
1605 1640 1609 1678 Ι

190 1689 259 1719 istic
277 1689 410 1718 solentne
429 1697 481 1717 eas
500 1687 629 1717 minores
647 1687 773 1724 naz-iae,
790 1688 798 1725 Ι
815 1695 897 1717 erum
916 1686 945 1716 et
962 1685 1048 1722 forte,
1069 1686 1158 1723 quasi
1177 1686 1258 1716 aliae
1276 1694 1332 1723 ree,
1352 1686 1417 1716 vini
1436 1695 1531 1724 cauo,
1562 1688 1616 1718 ad-

191 1737 310 1766 modum
331 1736 528 1772 improbabile
549 1744 616 1765 esse
636 1740 717 1764 recte
737 1735 890 1764 Cuiacium
920 1735 1088 1763 restituisse
1116 1734 1181 1763 vini
1200 1738 1285 1772 tayo,
1315 1735 1416 1764 multis
1437 1735 1473 1764 de
1494 1736 1614 1773 causis;

191 1792 246 1815 nee
275 1792 361 1821 opem
390 1783 461 1812 tulit
490 1783 625 1820 proxime
654 1782 902 1820 praecedentibus
923 1782 1030 1811 verbis.
1079 1781 1235 1818 probabile
1265 1785 1312 1811 est
1331 1782 1478 1811 iacturam
1499 1782 1610 1813 factam

191 1841 257 1863 esse
278 1833 322 1862 sic
342 1831 406 1862 fere
433 1831 672 1862 resarciendam:
703 1840 784 1861 erum
804 1831 833 1861 si
850 1830 941 1866 forte,
970 1830 1059 1868 quasi
1078 1830 1159 1860 aliae
1176 1839 1224 1860 res
1243 1830 1393 1869 <caer-im,
1417 1832 1423 1867 Ι
1448 1831 1527 1861 inter
1543 1840 1613 1870 pro-

191 1881 330 1911 mendum
348 1881 494 1918 tctiqero>
513 1880 579 1909 vini
598 1880 680 1910 cado.
704 1896 738 1901 —
769 1889 795 1909 v.
817 1880 876 1909 210
895 1888 955 1908 non
975 1879 1092 1908 defendi
1113 1879 1303 1916 benignitatis
1322 1883 1411 1916 atque
1430 1880 1612 1917 obsequellae

192 1937 295 1957 versus
316 1928 453 1963 initium,
484 1927 536 1957 sed
556 1928 731 1964 improbavi.
772 1927 937 1964 septenarii
957 1935 1023 1955 esse
1042 1926 1198 1955 videntur:
1230 1935 1297 1956 cum
1315 1926 1429 1956 interea
1446 1932 1450 1961 Ι
1467 1927 1514 1957 nil
1533 1929 1613 1965 quic-

193 1986 284 2014 quam
304 1985 324 2005 a
343 1984 388 2005 me
408 1979 451 2005 eet
465 1975 585 2012 praemi
603 1984 698 2013 neque
752 1978 815 2005 erat
833 1978 904 2005 tuae
923 1974 1136 2012 benignitatis!
1159 1978 1247 2012 atque
1267 1975 1458 2012 obsequeuae.
1486 1992 1525 1998 —
1553 1980 1630 2007 nou‘

191 2024 357 2062 septenarii
376 2024 496 2053 iambici
517 2027 586 2053 sunt
599 2023 694 2053 Titini
714 2032 817 2053 versus
838 2024 884 2053 37.
896 2023 934 2053 38
955 2022 1006 2052 sed
1027 2023 1230 2060 anapaestici:
1251 2023 1358 2053 libram
1377 2023 1498 2054 aiebant
1535 2024 1613 2055 satie

192 2074 254 2104 esse
273 2073 416 2103 ambobus
432 2071 537 2108 farris.
562 2075 568 2111 Ι
595 2073 725 2103 Ιηινίιαε
739 2073 813 2110 plue
832 2075 938 2102 comest
957 2072 1023 2102 sola
1043 2080 1135 2107 uxor3
1164 2071 1283 2102 iambici
1302 2073 1354 2110 qui
1374 2077 1516 2102 secuntur
1530 2073 1613 2111 poet-

194 2131 284 2159 quam
301 2121 404 2157 factus
424 2127 511 2152 <ee>
531 2121 666 2156 maritus,
686 2121 765 2151 hanc
784 2121 904 2151 domam
924 2121 1071 2157 abhorres,
1089 2121 1095 2158 Ι
1121 2123 1205 2150 tuam
1224 2120 1312 2150 etiam
1330 2129 1452 2150 uxorem
1466 2122 1614 2159 paueiem

191 2171 283 2201 video.
337 2170 409 2200 item
429 2169 537 2200 Afrani
556 2179 583 2199 v.
605 2171 658 2200 371
671 2192 679 2207 ,
710 2179 795 2208 quem
815 2170 915 2200 obiter
934 2169 1076 2199 emendo:
1105 2169 1191 2199 bomo
1210 2169 1386 2199 mulierosus
1402 2169 1407 2208 Ι
1424 2169 1564 2206 confere-it
1582 2179 1614 2201 ee

191 2220 262 2250 ilico
281 2219 361 2257 alio3
382 2222 485 2249 notum
506 2218 577 2256 quid
596 2219 628 2248 iu
648 2227 748 2249 amore
769 2220 868 2249 valeat
881 2219 982 2249 alium.
1012 2218 1144 2248 eiusdem
1163 2222 1344 2255 anapaestos
1360 2218 1478 2248 ascribo
1500 2219 1615 2249 v.400:

193 2276 269 2304 quae
287 2276 369 2297 nwnc
389 2266 506 2302 offendo
524 2275 613 2304 saepe
627 2268 735 2303 procul
753 2270 857 2297 nostra
876 2267 938 2296 eint
957 2267 1039 2296 mala
1051 2288 1058 2302 ,
1088 2265 1109 2295 ἃ
1132 2264 1241 2295 δάκνει
1261 2265 1332 2295 νυνὶ
1350 2264 1453 2303 πόρρω
1473 2265 1613 2304 μάνδραις

192 2319 246 2353 τῆς
266 2313 414 2353 ἡμετέρας
433 2315 570 2352 γίγνοιτο
591 2314 681 2344 κακά.

274 2365 304 2402 1)
324 2365 414 2394 Mart.
435 2364 479 2393 IX
499 2365 547 2400 21,
567 2365 587 2393 4
605 2363 811 2394 Artemidorus
831 2366 927 2400 amat,
951 2363 1139 2394 Calliodorus
1159 2365 1228 2392 arat
1247 2363 1374 2393 eontulit
1393 2363 1614 2394 Taubmanuus.

193 2412 396 2449 Quintilianus
416 2412 438 2441 1.
452 2420 476 2441 s.
499 2420 534 2441 ex
555 2415 670 2442 oratore
690 2416 793 2442 arator
812 2421 829 2442 e
850 2411 1002 2441 Cicerone.

271 2460 303 2497 2)
324 2459 370 2489 Cf.
389 2458 581 2489 Woelfflinus
601 2458 656 2490 rel.
676 2459 761 2489 acad.
782 2461 891 2489 Bavar.
914 2460 998 2496 1887,
1022 2459 1087 2488 195.

271 2508 303 2546 3)
323 2507 561 2546 Sbakespeariue
581 2507 643 2538 Jul.
663 2507 745 2538 Caes.
767 2508 794 2538 V
816 2510 830 2537 1
853 2506 951 2537 words
969 2506 1068 2543 before
1088 2506 1193 2544 blows,
1224 2505 1329 2536 deinde
1352 2505 1430 2545 qood
1448 2506 1546 2537 werde
1566 2516 1618 2537 are

195 2557 284 2587 better
302 2557 377 2587 than
395 2556 456 2587 bad
475 2556 588 2587 stroke&
606 2566 633 2588 e.
645 2566 672 2595 q.
687 2566 721 2595 s.,
741 2557 812 2588 item
824 2556 988 2587 Schillerus
1004 2555 1118 2594 juugfr.
1139 2565 1164 2585 v.
1177 2555 1239 2585 Orl.
1260 2554 1289 2584 11
1312 2557 1348 2585 10
1367 2558 1425 2586 eret
1444 2558 1533 2587 worte
1551 2556 1618 2586 und

198 2605 283 2635 darm
302 2605 431 2636 streiche.
