1782 2996
784 129 994 167 -7-

179 222 318 263 attinet
353 224 526 275 exemplis
561 225 799 275 comprobare
836 236 944 274 quam
976 223 1152 263 Plautina
1186 236 1395 273 congerere.
1460 225 1601 265 scilicet

179 281 335 320 Plautus
359 282 504 331 ingenio
528 295 595 320 suo
618 295 692 321 non
707 282 826 320 minus
842 294 952 331 quam
965 282 1233 330 Aristophanes
1249 281 1475 331 indulgebat,
1502 283 1601 332 quod

179 339 326 387 parcius
350 339 590 389 Menandrum
613 340 747 377 saltem
770 339 902 382 fecisse
925 338 1119 376 Plutarchi
1150 339 1322 376 iudicium
1353 351 1467 387 supra
1498 340 1599 376 adla-

135 397 139 400 '
178 398 258 433 tum
281 398 467 441 testatur,
506 396 607 433 aliud
630 395 1155 444 testimoniumffisputatione
1178 396 1399 443 procedente
1422 396 1599 433 tractabi—

179 466 270 490 mus.
318 453 494 502 pleraque
517 453 625 490 huius
648 453 795 501 generis
821 465 901 490 oum
923 453 1080 501 cogitari
1095 452 1169 489 nisi
1184 453 1302 490 latina
1317 466 1390 491 non
1405 453 1551 502 possint
1559 453 1596 501 ¹),

177 512 334 558 possunt
358 513 481 548 tamen
503 510 647 558 graecis
673 510 852 547 similibus
877 510 1082 548 substituta
1105 523 1206 557 esse,
1231 511 1296 548 sed
1311 510 1503 560 probabile
1519 511 1596 559 ple-

99 575 102 578 ’
178 580 330 616 rumque
354 567 429 605 erit
453 567 584 605 talium
607 567 752 604 lusuum
774 568 901 616 gratia
924 567 1097 606 Plautum
1121 569 1167 605 ab
1192 568 1300 605 attici
1322 570 1454 616 poetae
1479 581 1597 606 exem-

178 624 240 671 plo
265 624 486 672 exspatiari,
516 625 661 661 ostendi
683 625 869 662 interdum
892 627 1027 673 potest,
1051 627 1095 662 ut
1112 625 1217 673 Capt.
1235 626 1282 661 69
1295 638 1348 673 sq.
1374 625 1435 672 (cf.
1454 629 1594 674 quaest.

178 679 300 717 Plaut.
326 681 397 729 95).
439 693 485 717 ne
509 681 602 717 talia
626 681 770 729 quidem
794 681 918 729 qualia
941 680 1115 728 leguntur
1139 681 1249 717 Poen.
1270 682 1337 717 137
1362 681 1422 717 σαὶ
1448 682 1489 717 δὲ
1512 685 1596 717 κολ-

178 740 286 784 λῦραι
310 739 433 785 λύραι,
458 738 589 776 Pseud.
615 739 685 775 712
711 739 889 776 Charinus
912 760 959 765 —
981 740 1088 787 χάριν
1111 750 1134 775 a
1156 750 1289 786 graeco
1314 738 1498 787 acceperit
1521 750 1595 775 ma-

177 794 236 841 gis
260 806 368 842 quam
390 795 457 832 illa
482 796 700 832 Crucisalum
723 807 765 831 ex
789 796 953 839 Grusalo,
985 798 1146 832 damnum
1170 798 1210 831 in
1235 796 1444 840 Epidamno,
1470 798 1596 833 Archi-

179 851 344 887 demidem
367 864 390 888 a
414 852 598 889 demendo.
635 852 736 889 cuius
760 852 908 899 generis
932 864 1054 889 omnes
1079 852 1216 900 species
1235 864 1258 888 a
1273 852 1483 890 rhetoribus
1500 866 1595 890 com-

178 901 397 944 memoratas
422 909 561 955 ingerit
589 908 819 945 auditoribus
839 909 1018 954 Plautus,
1056 909 1148 945 alias
1174 909 1299 956 qualia
1322 911 1425 945 etiam
1448 911 1487 946 in
1511 912 1595 946 iocis

176 965 311 1011 frigida
334 966 428 1002 tradi
449 966 542 1001 inter
559 969 746 1011 praecepta
768 965 927 1002 miratur
946 965 1195 1010 Quintilianus
1219 965 1277 1001 IX
1293 966 1326 1011 3,
1343 966 1391 1002 69
1413 966 1470 1013 (ut
1487 966 1594 1014 Capt.

178 1022 250 1057 860
273 1034 345 1058 non
368 1024 459 1058 enim
483 1035 519 1058 es
541 1024 578 1059 in
602 1025 772 1066 senticeta,
797 1034 834 1059 eo
857 1035 928 1059 non
951 1025 1069 1067 sentis,
1095 1022 1165 1059 182
1178 1023 1391 1068 profundum
1406 1026 1444 1059 tu
1460 1024 1595 1068 quidem

178 1079 308 1123 vendis,
333 1080 428 1115 haud
447 1080 595 1124 fundum
618 1080 712 1124 mihi,
738 1079 820 1115 cas.
833 1079 901 1115 851
927 1083 964 1115 at
986 1080 1071 1115 mihi
1092 1081 1153 1123 qui
1175 1080 1258 1115 belle
1281 1080 1369 1115 hanc
1393 1083 1500 1115 tracto
1523 1092 1595 1115 non

177 1135 300 1171 bellum
320 1137 407 1180 facit
430 1148 473 1172 ac
497 1135 625 1173 statim
648 1135 746 1184 (853)
764 1148 876 1181 paene
899 1137 1066 1182 exposivit
1089 1136 1221 1173 cubito.-
1251 1136 1399 1172 cubitum
1429 1148 1509 1182 erqo
1542 1137 1594 1173 ire

178 1193 266 1235 volt,
291 1192 385 1228 Men.
410 1193 481 1228 257
501 1194 675 1238 qeminum
696 1194 778 1230 dum
800 1205 943 1238 quaeres
962 1205 1092 1239 gemes,
1127 1193 1255 1230 Boeot.
1282 1193 1305 1228 '7
1328 1205 1426 1238 quom
1449 1197 1500 1229 est
1522 1205 1594 1230 non

178 1252 271 1284 estur
283 1249 341 1295 ἢ),
379 1249 472 1286 alias
505 1250 640 1287 tectius
676 1250 832 1295 πάρισον
865 1250 987 1287 verbis
1019 1250 1123 1287 tenui
1146 1249 1361 1286 litterarum
1384 1249 1593 1287 discrimine

177 1305 420 1351 distantibus,
446 1306 550 1344 velut
574 1306 684 1343 Mero.
709 1307 780 1343 416
804 1308 954 1352 conficiet
972 1318 1134 1351 pensum,
1164 1308 1326 1351 pinsetur
1347 1307 1470 1352 flayro,
1495 1306 1591 1343 Rud.

177 1361 247 1397 102
270 1373 352 1397 nam
376 1374 470 1398 nunc
492 1363 643 1407 perlucet
674 1375 715 1398 ea
737 1375 839 1408 quam
864 1364 1011 1398 cribrum
1036 1364 1202 1407 crebrius,
1237 1362 1351 1399 Stich.
1376 1363 1446 1398 745
1467 1365 1591 1407 fietast,

176 1419 338 1464 infectast
370 1423 500 1463 tamen,
540 1419 617 1456 Mil.
643 1421 665 1456 7
694 1421 1012 1466 yestitem—yestit
1024 1432 1032 1466 ;
1070 1419 1122 1456 sic
1142 1420 1258 1466 flagiti
1280 1420 1471 1465 tlaqrantia
1495 1419 1591 1456 Rud.

176 1476 256 1521 733,
282 1477 497 1522 impudicitia
521 1478 699 1522 impedivit
714 1477 846 1524 Amph.
864 1477 936 1524 frg.
951 1477 1005 1522 16,
1027 1489 1225 1522 pessumum
1242 1488 1383 1521 pessum
1401 1478 1480 1513 date
1494 1476 1591 1514 Rud.

177 1533 246 1570 617
272 1533 396 1580 (Mero.
410 1533 481 1570 847
497 1533 606 1570 Most.
625 1533 742 1580 1171),
766 1546 811 1570 ne
834 1535 939 1570 nimio
955 1545 1053 1578 opere
1068 1538 1184 1570 sumat
1199 1545 1336 1579 operam
1354 1532 1459 1570 Cure.
1472 1534 1545 1570 468
1554 1533 1591 1581 ⁸),

176 1590 368 1627 delicatius
394 1590 499 1627 Cure.
526 1590 594 1627 153
615 1591 745 1635 pessuli
761 1592 932 1636 pessumi,
965 1594 1004 1627 et
1031 1591 1149 1627 multa
1173 1590 1251 1627 eius
1274 1590 1421 1638 generis
1446 1593 1592 1627 tantum

174 1648 330 1695 propter
354 1646 514 1683 sonitum
538 1647 714 1694 quaesita.
763 1647 811 1683 ad
834 1647 919 1683 illos
943 1647 1125 1683 nominum
1148 1647 1383 1695 propriorum
1406 1647 1509 1683 lusus
1534 1659 1591 1683 ae-

175 1702 309 1740 cedunt
333 1703 445 1740 etiam
468 1703 574 1740 haee:
610 1715 702 1739 nunc
730 1703 887 1739 Venerem
910 1704 998 1739 hano
1021 1715 1217 1739 veneremur
1239 1704 1362 1739 bonam
1385 1702 1494 1749 (Rud.
1520 1703 1591 1739 305

174 1759 284 1796 Poen.
309 1759 406 1805 278),
431 1760 579 1804 Spemne
602 1771 650 1794 an
674 1759 825 1795 Salutem
848 1763 881 1794 te
903 1760 1045 1794 salutem
1069 1759 1217 1806 (Pseud.
1243 1760 1338 1805 709).
1398 1759 1505 1810 cuius
1529 1771 1591 1806 ge-

174 1815 274 1854 neris
300 1827 409 1851 causa
432 1815 507 1852 vim
531 1815 654 1852 verbis
690 1816 811 1852 facere
846 1815 960 1851 risum
991 1815 1221 1852 excitaturus
1254 1827 1328 1851 non
1359 1814 1590 1862 dedignatur,

174 1874 217 1909 ut
240 1872 280 1908 in
302 1872 378 1908 iuis
403 1873 443 1908 in
465 1872 663 1908 collumbari
688 1872 796 1908 collus
821 1871 930 1918 (Rud.
955 1871 1049 1918 888),
1074 1873 1166 1908 domi
1188 1872 1338 1908 domitus
1360 1871 1468 1919 (Men.
1496 1872 1590 1919 105),

173 1929 317 1965 auribus
339 1929 572 1974 peraurienda
595 1932 679 1964 sunt
701 1940 745 1965 ne
770 1929 885 1965 dentes
908 1929 1067 1965 dentiant
1088 1928 1178 1975 (Mil.
1204 1928 1281 1975 33),
1306 1928 1354 1964 ad
1377 1940 1467 1976 quos
1492 1928 1591 1965 locos

200 1998 269 2023 uae
291 1986 331 2023 in
354 1986 514 2024 editione
548 1985 725 2023 adnotavi
757 1986 924 2023 conferet
956 1984 1018 2033 qui
1049 1984 1171 2032 volet;
1209 1985 1335 2023 eodem
1367 1985 1590 2023 referremus

203 2047 279 2091 apt.
304 2043 353 2079 84
375 2044 454 2079 ruri
475 2047 601 2079 rurant
623 2044 792 2088 homines,
829 2043 903 2079 nisi
925 2043 1050 2080 eodem
1072 2044 1203 2087 verbo,
1228 2045 1268 2080 et
1292 2042 1489 2091 deponenti
1512 2043 1589 2090 qui-

172 2098 264 2145 dem,
289 2099 401 2137 etiam
424 2100 548 2138 Varro
572 2101 745 2137 uteretur
768 2111 837 2147 pro
861 2112 905 2137 eo
930 2098 1025 2147 quod
1048 2101 1107 2136 est
1131 2100 1297 2135 rusticari
1307 2099 1348 2145 ⁴).
1394 2099 1484 2136 item
1508 2111 1589 2135 ver-

253 2218 282 2257 1)
302 2218 346 2248 Cf.
366 2218 528 2248 Baebelius
547 2218 585 2248 de
604 2227 662 2249 usu
681 2218 799 2249 adnom.
819 2220 857 2249 59
868 2227 913 2256 sq.

248 2267 280 2305 2)
303 2267 404 2297 Boeot.
423 2267 442 2298 6
461 2266 498 2297 de
518 2270 621 2297 ventre
640 2266 714 2297 dicit
733 2268 904 2305 parasitus:
924 2267 976 2297 ubi
993 2266 1022 2297 ie
1040 2270 1068 2297 te
1087 2268 1238 2305 monebat,
1269 2276 1356 2305 esses,
1376 2267 1440 2297 nisi
1457 2276 1525 2297 cum
1543 2267 1590 2297 nil

171 2318 253 2352 σαι,-
270 2324 353 2345 nunc
371 2315 461 2345 diam
479 2323 567 2353 quom
586 2319 629 2346 est
646 2324 709 2346 non
728 2319 816 2353 estur,
835 2316 898 2346 nisi
919 2316 983 2346 Soli
1002 2315 1079 2345 libet.
1110 2317 1155 2346 sic
1174 2325 1221 2347 me
1239 2316 1413 2346 emendasse
1431 2324 1549 2345 versum
1569 2318 1588 2346 6

172 2363 284 2401 (Plauti
304 2372 379 2393 oom.
399 2363 429 2392 H
448 2372 477 2400 p.
489 2363 569 2402 527),
589 2364 640 2393 ubi
661 2372 723 2394 esse
742 2372 798 2401 pro
819 2372 897 2394 esses
916 2368 962 2394 est
981 2363 1012 2393 in
1028 2364 1107 2393 Gelli
1123 2365 1284 2401 codicibus,
1304 2364 1382 2401 fugit
1392 2364 1590 2393 Ribbeckium

170 2411 229 2448 (ed.
250 2413 268 2440 3
289 2420 317 2449 p.
340 2412 400 2450 39).
422 2428 461 2434 —-
481 2412 543 2441 alia
562 2412 702 2442 Plautina
723 2412 884 2443 Baebelius
904 2413 941 2443 de
960 2419 1015 2442 usu
1035 2412 1152 2443 adnom.
1172 2414 1210 2443 56
1221 2421 1264 2450 sq.

247 2459 279 2497 3)
299 2459 443 2489 Similiter
461 2455 570 2490 Bacch.
586 2462 627 2490 60
647 2460 717 2490 Ter.
738 2461 846 2490 Heaut.
867 2463 904 2490 73
925 2461 1043 2491 Phorm.
1065 2462 1131 2491 760.

248 2508 280 2546 4)
301 2507 404 2538 Etiam
422 2507 542 2539 vilicari
573 2508 743 2547 significato
767 2509 910 2540 rusticari
939 2509 1092 2549 utyvillae
1115 2518 1254 2548 praeesse
1283 2517 1389 2547 parum
1414 2512 1497 2539 recte
1516 2508 1591 2538 dicit

170 2555 286 2587 Nouius
309 2558 364 2588 185
384 2560 415 2588 et
433 2557 531 2589 letica
550 2562 621 2597 post
640 2558 744 2600 illum3
774 2559 911 2599 exempla
940 2562 1021 2590 certe
1052 2567 1129 2599 quae
1157 2558 1255 2590 adfert
1284 2558 1324 2590 ad
1350 2558 1432 2593 vilici
1459 2557 1590 2593 officium
