1782 2996
759 170 991 208 -17-

257 266 425 304 Eunuchi
441 266 624 314 ‘prologus
647 264 758 313 paulo
790 263 904 301 aliter
935 263 1131 302 institutus
1166 266 1242 309 est,
1278 264 1334 302 ita
1369 263 1513 313 quidem
1543 266 1586 302 ut

167 324 391 372 prooemium
415 323 463 370 (v.
490 323 583 359 1-8
606 322 669 358 vel
692 322 725 367 6,
750 332 835 358 118111
858 334 892 357 v.
919 321 952 357 7.
977 322 1001 358 8
1022 322 1096 358 iam
1119 321 1168 358 ad
1191 324 1402 369 sequentem
1425 322 1586 369 particu-

167 381 242 416 lam
264 379 469 427 pertinent)
502 390 576 413 non
609 377 777 413 narratio
809 377 985 424 excipiat,
1021 377 1086 414 sed
1121 377 1398 424 ἀντικατηγορία
1430 378 1586 425 (9-13),

166 448 259 485 quae
283 435 342 472 hic
363 436 450 483 post
474 433 656 482 principia
678 433 826 481 prologi
848 432 973 481 posita
996 436 1081 479 est,
1117 446 1190 470 non
1213 434 1276 470 ubi
1298 446 1345 471 ex
1368 434 1500 481 regula
1524 447 1586 482 po-

166 493 242 529 tius
266 492 385 528 locum
408 491 563 525 haberet
585 492 672 536 post
696 490 960 525 refutationem
983 490 1170 536 (ΒΟ-4ης
1209 490 1350 527 scilicet
1386 491 1515 527 statim
1539 492 1586 525 ab

167 547 293 593 initio,
331 545 436 594 quasi
460 544 647 582 continere
672 557 711 581 se
735 557 809 581 non
832 545 968 593 possit,
992 545 1030 582 in
1054 546 1309 583 adversarium
1333 550 1463 583 orator
1486 546 1586 583 inve·

166 605 270 642 hitur
294 603 489 640 lacessitus
515 615 559 639 ea
581 615 624 640 re
649 614 756 651 quam
780 602 1148 651 deinde‘prolaturus
1174 606 1242 641 est.
1279 616 1363 640 nam
1386 606 1472 652 post
1488 617 1523 641 v.
1539 604 1585 640 13

168 660 369 697 transitum
392 659 484 695 facit
508 659 555 694 ad
579 658 844 706 expositionem
868 659 990 695 dicens
1015 660 1127 696 etiam
1150 660 1226 695 alia
1249 672 1288 696 se
1304 660 1439 696 habere
1455 662 1587 697 contra

168 717 273 753 illum
295 714 538 764 proferenda,
563 716 596 751 si
616 718 733 760 perqet
757 715 889 751 laedere
912 716 960 761 (v.
978 716 1000 752 6
1023 717 1105 762 quia
1137 716 1237 752 laesit
1253 717 1372 761 prior,
1410 728 1481 764 quo
1513 716 1587 752 iam

168 773 299 819 redit),
324 774 375 807 ita
398 776 437 807 ut
457 773 570 816 facere
593 772 757 806 instituit.
807 771 973 818 sequitur
997 772 1165 808 narratio
1191 772 1360 818 (19—26)
1382 774 1422 808 et
1444 772 1585 808 refuta-

168 829 280 866 tionis
304 827 510 876 propositio
528 827 709 873 (27-29),
735 827 925 873 refutatio,
951 827 1127 876 epilogus.
1165 828 1205 864 in
1228 828 1296 864 hac
1319 828 1487 865 oratione
1503 841 1587 876 pro-

169 886 323 923 oemium
347 887 386 922 et
421 884 586 932 epilogus
624 895 824 921 sermonem
859 888 1011 932 praeter
1046 887 1189 922 ceteras
1224 888 1351 933 partes
1386 885 1587 933 figuratum

169 944 325 980 habent:

309 1014 349 1051 si
378 1012 675 1062 quisquamst
699 1012 763 1061 qui
784 1012 932 1061 placere
957 1026 995 1050 se
1020 1014 1170 1051 studeat
1193 1014 1297 1051 bonis

307 1083 416 1119 quam
438 1069 672 1118 plurumis
697 1072 736 1106 et
759 1069 955 1106 minume
977 1070 1160 1108 multos
1184 1071 1331 1108 laedere

310 1129 350 1164 in
373 1128 430 1163 his
453 1131 565 1175 poeta
587 1126 646 1162 hic
668 1138 799 1162 nomen
821 1127 1021 1173 profitetur
1045 1140 1164 1173 suom;

309 1188 389 1221 tum
412 1184 452 1220 si
476 1183 581 1232 quis
607 1184 686 1219 est
709 1182 773 1230 qui
796 1182 974 1223 dictum
996 1183 1036 1219 in
1059 1196 1099 1220 se
1123 1183 1377 1221 inclementius

309 1240 621 1279 existumabit
646 1251 746 1285 esse,
781 1239 835 1275 sic
859 1240 1135 1286 existumet,
1567 1245 1586 1276 5

307 1309 588 1345 responsum
611 1309 684 1332 non
708 1296 881 1333 dictum
905 1309 1001 1342 esse,
1027 1297 1113 1345 quia
1136 1298 1248 1334 laesit
1271 1298 1394 1346 prior,

307 1355 370 1403 qui
392 1356 510 1391 bene
534 1353 768 1391 vortendo
793 1355 833 1389 et
856 1353 1002 1390 easdem
1025 1355 1275 1391 scribendo
1300 1354 1416 1391 male

308 1423 354 1447 ex
377 1410 520 1458 graecis
545 1409 685 1446 bonis
709 1409 847 1445 latinas
871 1409 962 1446 fecit
984 1422 1077 1446 non
1100 1411 1291 1456 bonas1).

167 1486 207 1522 et
230 1497 265 1522 v.
290 1483 337 1519 42
354 1494 428 1530 sq.:

310 1567 382 1605 qua
406 1567 448 1591 re
471 1556 662 1602 aequomst
685 1566 751 1592 vos
777 1566 1060 1602 cognoscere
1084 1557 1196 1603 atque
1221 1555 1486 1603 ignoscere,

310 1625 402 1661 quae
426 1614 618 1649 veteres
643 1611 943 1648 factitarunt
968 1612 1000 1647 si
1023 1611 1209 1649 faciunt
1233 1613 1369 1649 novi:

309 1670 397 1705 date
422 1680 588 1716 operam,
615 1680 695 1703 cum
719 1667 867 1704 silentio
892 1668 1050 1703 animum
1073 1668 1268 1714 attendite,

307 1728 351 1763 ut
374 1725 677 1774 pernoscatis
704 1724 791 1772 quid
815 1724 887 1761 sibi
909 1724 1104 1761 Eunuchus
1130 1725 1224 1762 velit

167 1800 231 1836 ubi
254 1799 294 1835 in
317 1798 442 1835 eodem
466 1799 579 1834 verbo
604 1797 747 1833 luditur
780 1797 819 1833 in
843 1809 914 1844 quo
938 1797 1033 1832 And.
1059 1797 1116 1833 24.
1142 1797 1189 1833 25
1214 1800 1254 1834 et
1277 1798 1410 1834 Heaut.
1436 1798 1508 1834 218
1542 1798 1586 1844 (s.

167 1870 202 1905 p.
221 1856 292 1903 15).
354 1855 427 1891 alio
451 1854 557 1890 modo
593 1854 639 1890 ab
674 1853 854 1890 orationis
887 1853 986 1890 iusto
1020 1853 1148 1890 ordine
1182 1854 1323 1891 recedit
1357 1854 1587 1891 Phormionis

168 1913 367 1962 prologus,
398 1915 442 1949 ut
465 1912 566 1948 cuius
591 1913 847 1958 argumentum
869 1910 1035 1959 posuisse
1058 1914 1170 1958 poeta
1193 1911 1315 1948 videri
1336 1911 1431 1949 velit
1453 1923 1528 1948 non
1550 1911 1590 1947 in

169 1970 379 2007 defensione
402 1969 465 2006 vel
497 1962 728 2005 accusatione
761 1967 878 2015 magis
916 1979 1022 2016 quam
1054 1967 1094 2004 in
1126 1968 1406 2006 adnuntiatione
1439 1968 1586 2005 fabulae

167 2040 202 2064 v.
222 2026 364 2064 25—29
389 2026 451 2074 (24
474 2037 566 2062 nunc
588 2026 671 2072 quid
695 2025 793 2061 velim
818 2026 971 2061 animum
994 2025 1180 2073 attendite),
1206 2037 1314 2075 quam
1337 2025 1503 2075 epilogus
1528 2037 1588 2062 ex-

167 2085 258 2133 cipit
282 2084 475 2131 (30—34);
502 2083 567 2120 sed
590 2086 694 2119 caret
717 2082 893 2130 prologus
916 2082 1111 2130 prooemio,
1137 2083 1266 2120 statim
1289 2084 1408 2131 ipsam
1430 2096 1509 2120 rem
1524 2094 1587 2130 ag-

166 2141 349 2190 greditur,
387 2140 427 2176 id
450 2144 509 2177 est
532 2140 672 2177 veteris
696 2142 828 2187 poetae
861 2139 1097 2176 contumelias
1132 2140 1280 2187 profert
1311 2140 1435 2187 (1—5)
1447 2168 1456 2186 ,
1493 2139 1589 2178 vitia

251 2259 280 2295 1)
300 2258 376 2288 Don.
397 2257 436 2287 ad
456 2267 482 2287 v.
503 2258 521 2287 2
541 2261 663 2295 πρῶτον
682 2256 858 2293 ἀπόθετον,
879 2256 918 2286 ad
939 2266 964 2287 v.
981 2258 999 2286 6
1016 2256 1116 2294 figura
1134 2255 1242 2294 κλοπή,
1262 2266 1335 2287 nam
1353 2256 1483 2288 ‘dictum'
1502 2256 1588 2287 modo

167 2308 213 2339 bis
231 2315 354 2338 numero
365 2307 501 2345 positum
519 2315 614 2345 supra
633 2315 739 2336 nomen
757 2306 915 2344 siqnificat,
935 2305 1020 2342 infra
1036 2306 1235 2344 participium
1255 2307 1353 2344 (Alex.
1374 2305 1412 2336 de
1431 2306 1480 2344 fig.
1494 2307 1541 2343 3⁷,
1553 2308 1590 2336 16

165 2359 215 2395 Sp.
236 2354 288 2386 ἐπὶ
306 2354 418 2386 τούτου
437 2359 493 2385 τοῦ
513 2354 665 2393 σχήματος
687 2358 756 2388 ταῖς
774 2354 884 2387 αὑταῖς
902 2353 999 2390 λέξεσι
1017 2354 1168 2392 χρώμενοι
1186 2354 1352 2388 πλεονάκις
1371 2353 1459 2391 ἕτερα
1479 2355 1588 2392 σημαί-

168 2407 283 2443 νυμεν),
302 2405 374 2434 item
393 2403 432 2432 sd
453 2413 479 2432 v.
490 2404 526 2433 27
548 2404 635 2441 (είίᾶ
654 2406 697 2433 εει
710 2405 918 2441 peecatum,
933 2405 1130 2440 peccatum
1148 2402 1391 2440 imprudentiam
1411 2407 1442 2432 et
1460 2402 1538 2432 adv.
1551 2404 1587 2432 41

163 2454 324 2493 (nullum
341 2452 404 2482 iam
424 2451 569 2482 dictum
596 2451 675 2489 quod
703 2460 765 2482 non
783 2451 824 2481 eit
842 2450 989 2481 dictum
1003 2451 1125 2490 prius),
1155 2452 1297 2482 omissum
1327 2451 1366 2482 ad
1387 2460 1412 2482 v.
1433 2452 1471 2482 23
1488 2450 1588 2488 furem

163 2511 227 2533 mm
241 2505 361 2541 poetam
378 2499 518 2538 fabulam
537 2500 692 2531 dedisse
711 2503 738 2531 et
756 2500 803 2530 κα
821 2499 981 2531 dedisce
998 2500 1150 2531 verborum
1169 2503 1283 2538 tamen,
1312 2501 1364 2531 ubi
1383 2502 1479 2539 magis
1497 2509 1590 2539 quae-

163 2553 240 2584 sitae
259 2555 330 2583 sunt
352 2551 498 2588 argutiae.

242 2603 273 2643 2)
292 2601 369 2633 Dou.
389 2601 429 2632 ad
450 2610 476 2632 v.
497 2602 536 2631 42
558 2603 658 2641 σχῆμα
678 2598 770 2641 λόγου
790 2597 974 2640 παρόμοιον.

1281 2653 1301 2684 2
