1782 2996
780 249 995 290 ...5.-

175 345 286 395 atque
310 344 549 384 Menandrum
580 356 642 383 eas
666 343 766 395 ipsas
792 344 837 383 de
862 343 992 394 quibus
1016 344 1158 394 agimus
1183 345 1345 394 figuras,
1370 345 1464 393 λέγω
1488 344 1529 383 δὲ
1553 346 1597 383 τὰ

175 401 347 441 ἀντίθετα
370 402 431 441 καὶ
455 403 682 451 ὁμοιόπτωτα
704 401 766 440 καὶ
788 404 1034 450 παρωνυμίας,
1059 414 1148 440 raro
1169 404 1209 441 et
1230 415 1311 441 cum
1326 403 1473 441 ratione
1489 416 1596 441 usur·

172 471 280 509 passe
303 460 343 497 in
365 459 577 498 universum
600 462 766 497 testatur
780 458 1011 497 Plutarchus
1034 472 1071 508 p.
1094 460 1205 497 853ss
1239 450 1278 497 in
1309 461 1470 509 epitoma
1500 472 1594 497 com-

173 517 378 566 parationis
401 516 595 555 Menandri
618 520 658 554 et
681 515 956 565 Aristophanis.
1016 516 1201 554 cumulare
1233 519 1357 554 autem
1387 516 1454 554 illo
1486 517 1593 554 modo

172 574 350 612 vocabula
373 587 419 612 ne
442 573 713 621 Aristophanes
745 573 891 622 quidem
915 586 1022 622 saepe
1047 574 1164 619 solet,
1189 576 1233 611 ut
1257 574 1340 611 Pac.
1366 574 1478 611 901⁶
1461 588 1521 611 ινα
1545 575 1593 621 δὴ

172 631 279 677 κέλης
300 631 431 677 κέλητα
453 633 708 676 παρακελητιεῖ
730 642 810 667 cum
834 630 996 667 acumine
1012 631 1199 674 dixitnon
1215 631 1376 667 eiusdem
1391 631 1538 678 generis
1553 632 1591 678 1).

174 689 276 724 certe
306 686 528 724 Philemonis
565 685 623 722 illi
658 698 788 723 versus
825 686 918 723 satis
953 688 1113 735 probant
1143 687 1308 735 potuisse
1341 687 1517 724 Plautum
1552 687 1593 723 in

174 743 442 790 exemplaribus
474 742 601 779 atticis
635 743 770 779 similia
799 743 965 780 invenire
998 744 1129 792 quibus
1163 756 1364 781 sermonem
1399 757 1504 780 suum
1533 756 1592 781 ac—

175 798 430 835 commodaret.
479 798 583 835 ultra
606 798 758 835 levioris
782 799 930 846 generis
955 800 1044 836 fines
1069 799 1109 835 in
1133 799 1259 835 eadem
1282 811 1391 836 causa
1414 800 1593 847 progredi

174 855 337 892 videmus
360 855 537 907 Ennium,
573 855 675 892 cuius
706 858 796 892 nota
820 857 907 892 sunt
931 858 970 892 et
991 855 1104 892 nimia
1134 855 1174 891 in
1204 858 1334 892 satura
1365 867 1449 892 nam
1472 856 1533 901 qui
1555 867 1593 892 se

170 912 341 957 frustrari
363 923 460 956 quem
480 912 618 956 frustra
639 912 761 954 sentit,
786 913 847 957 qui
866 913 1060 956 frustratur
1083 913 1116 947 is
1138 913 1329 958 srustrast,
1362 912 1421 948 ille
1445 924 1516 948 non
1540 916 1592 947 est

172 970 307 1014 frustra
340 939 1379 1016 (quaffefffimiffism
1117 970 1422 1033 nttus
1446 968 1495 1004 ad
1517 969 1590 1005 He·

173 1038 275 1061 renn.
298 1038 333 1072 p.
348 1025 431 1071 118)
455 1027 494 1061 et
518 1025 681 1061 fortasse
704 1024 743 1060 in
766 1027 897 1061 satura
919 1027 1100 1071 quoiquam
1123 1026 1302 1070 quisquam
1325 1036 1483 1071 quemque
1498 1037 1592 1070 qui-s-
1613 1036 1623 1044 ·

173 1065 437 1126 fflt
460 1085 556 1126 neqet
580 1081 686 1128 (quae
702 1081 925 1117 Ribbeckius
949 1084 1046 1129 trag.
1072 1081 1128 1118 ed.
1153 1083 1244 1118 tert.
1263 1093 1299 1129 p.
1314 1081 1363 1117 84
1386 1093 1467 1118 cum
1482 1081 1590 1117 Plau-

173 1137 262 1174 tinis
287 1137 420 1174 Pseud.
442 1138 512 1173 134
534 1149 679 1182 quorum
701 1149 887 1183 numquam
910 1139 1090 1183 quicquam
1115 1138 1301 1183 quoiquam
1322 1138 1414 1174 venit
1437 1138 1477 1173 in
1500 1149 1592 1173 men-

173 1197 238 1229 tem
262 1198 301 1229 αι
323 1198 411 1229 reete
430 1195 582 1237 faciant,
615 1207 650 1230 v.
675 1193 880 1230 Lobeckius
903 1194 929 1230 1.
946 1195 1009 1240 s.);
1047 1194 1177 1242 quibus
1202 1193 1344 1230 accedit
1366 1193 1529 1230 Lucilius
1554 1207 1589 1230 v.

174 1250 267 1286 1075
283 1262 336 1298 sq.
362 1250 468 1287 verbi
492 1250 589 1298 quod
612 1252 672 1287 est
693 1251 783 1286 scire
806 1250 944 1287 formas
968 1262 1171 1297 aggerans;
1208 1249 1274 1287 sed
1305 1249 1417 1287 etiam
1449 1249 1489 1285 in
1511 1252 1589 1286 tra-

172 1306 304 1352 goedia
326 1306 466 1342 Ennius
493 1306 591 1353 (256)
613 1305 754 1342 stuztdst
776 1307 836 1352 qui
859 1308 1015 1360 cupidam
1038 1307 1178 1351 cupiens
1201 1307 1374 1351 cupienter
1402 1307 1504 1351 cupit.
1545 1318 1591 1342 ex

173 1362 241 1398 hoc
263 1362 361 1398 Enni
384 1362 520 1410 tragici
543 1375 623 1399 cum
638 1363 773 1399 Plauto
798 1375 974 1399 consensu
997 1365 1245 1399 coniecturam
1267 1363 1391 1399 facere
1408 1362 1453 1399 de
1468 1362 1590 1409 figura

173 1432 219 1456 ex
242 1419 432 1456 rhetorum
455 1419 542 1456 ludo
567 1420 606 1456 in
629 1422 798 1457 vetustas
822 1420 1069 1457 Romanorum
1098 1415 1248 1456 litteras
1279 1418 1427 1468 perlata
1449 1431 1523 1455 non
1544 1418 1589 1455 li-

173 1478 249 1521 cet,
285 1488 366 1512 cum
388 1476 546 1512 Ennium
578 1476 617 1512 in
650 1477 750 1523 epico
785 1490 926 1524 quoque
958 1489 1123 1513 sermone
1157 1477 1235 1513 sine
1266 1475 1372 1513 modo
1402 1476 1590 1513 ludentem

172 1532 379 1568 noverimus
405 1536 444 1568 ct
468 1544 541 1568 non
565 1532 757 1569 dissimilia
781 1533 842 1569 vel
865 1533 904 1569 in
937 1533 1130 1580 tragoedia
1161 1532 1279 1569 attica
1309 1545 1391 1569 eum
1421 1532 1588 1569 invenire

172 1588 337 1635 potuisse
361 1588 560 1625 viderimus
584 1590 696 1636 atque
720 1588 862 1625 omnino
887 1589 1133 1625 Romanorum
1157 1588 1281 1625 sensui
1303 1592 1347 1625 ut
1361 1588 1588 1625 Graecorum

172 1645 328 1691 figuram
352 1644 633 1692 etymologicam
656 1645 837 1692 placuisse
872 1649 1096 1693 compertum
1127 1645 1178 1681 sit
1189 1645 1226 1692 ²).
1288 1645 1353 1681 sed
1386 1644 1461 1681 alia
1491 1645 1589 1692 apud

172 1701 345 1738 Plautum
367 1701 522 1749 legimus
548 1701 708 1738 eiusdem
731 1701 878 1749 generis
903 1701 1096 1739 subtiliore
1120 1704 1203 1738 arte
1235 1701 1447 1747 enuntiata,
1482 1701 1588 1738 velut

173 1752 278 1805 Oapt.
298 1759 374 1794 >358
397 1759 484 1803 quod
507 1759 605 1793 bonis
634 1759 714 1794 bene
740 1760 784 1803 fit
815 1759 1028 1804 beneficium,
1061 1760 1181 1804 qratia
1211 1771 1251 1794 ea
1278 1759 1460 1804 yravidast
1489 1759 1589 1794 bonis

172 1814 410 1851 cumulationi
432 1814 588 1860 πάρισον
612 1814 753 1851 accedit
778 1814 885 1862 quale
908 1814 1009 1850 Pers.
1035 1814 1106 1850 674
1135 1816 1168 1850 si
1191 1816 1275 1859 quid
1303 1815 1403 1850 bonis
1433 1815 1514 1850 bom‘
1534 1816 1586 1859 fit,

171 1883 243 1907 esse
265 1872 304 1907 id
326 1875 357 1907 et
378 1883 486 1917 qrave
509 1876 543 1908 et
562 1874 702 1918 qratiam
724 1871 828 1916 solet;
859 1871 920 1908 vel
944 1870 1048 1919 Capt.
1076 1870 1146 1908 255
1169 1872 1231 1916 qui
1253 1874 1348 1907 cavet
1370 1882 1415 1907 ne
1438 1871 1588 1916 decipia-

172 1931 240 1973 tur,
265 1929 325 1964 vix
347 1932 458 1972 cavet,
483 1941 558 1965 cum
581 1929 683 1965 etiam
706 1932 820 1973 cavet5
844 1930 944 1965 etiam
968 1940 1043 1964 cum
1067 1929 1196 1964 cavisse
1218 1931 1320 1964 ratus
1341 1931 1408 1975 est,
1431 1939 1531 1973 saepe
1554 1928 1588 1965 is

171 2092 323 2128 τραλοίας.
373 2093 481 2130 Χρυσῷ
500 2089 625 2120 πάττων
651 2089 679 2128 μ’
702 2090 739 2120 οὗ
767 2090 952 2128 γιγνώσκεις.
1004 2089 1161 2120 Calidorus
1181 2090 1226 2120 sic
1245 2090 1372 2120 desinit:
1400 2089 1590 2119 verberavisti

170 2144 286 2178 patrem
305 2143 394 2177 atque
412 2143 543 2176 matrem,
563 2139 669 2177 quibus
688 2139 787 2170 verbis
807 2140 935 2170 vertisse
955 2139 1091 2168 Plautum
1112 2139 1207 2169 videri
1227 2139 1321 2168 attica
1345 2139 1538 2176 πατραλοίαν
1557 2142 1589 2168 et

173 2189 361 2226 μητραλοίαν
380 2188 546 2225 significavi
565 2197 595 2225 p.
615 2190 664 2218 93.
710 2188 850 2218 Plautum
871 2188 1003 2217 imitatus
1030 2187 1148 2217 videtur
1168 2187 1298 2217 Titinius
1318 2196 1345 2216 v.
1369 2188 1433 2223 137,
1463 2192 1496 2216 ut
1517 2186 1588 2215 Rib-

171 2237 293 2267 beckius
313 2237 433 2266 monuit.

252 2284 280 2323 1)
299 2284 346 2315 Eo
366 2284 453 2314 modo
473 2284 550 2314 dixit
569 2294 628 2322 quo
647 2285 777 2315 comicus
807 2285 926 2322 ignotus
954 2283 1037 2313 cuius
1067 2283 1158 2313 verba
1189 2274 1295 2313 reddit*
1317 2283 1411 2313 schol
1432 2282 1587 2320 Eq.1304

101 2313 104 2316 Δ
171 2332 248 2371 μετὰ
268 2331 303 2363 δὲ
322 2332 379 2371 τὴν
397 2331 556 2373 ἀποβολὴν
575 2337 631 2364 τοῦ
649 2331 789 2368 Κλέωνος
809 2330 925 2367 εὐθέως
943 2329 1130 2371 ὑπερέβαλεν
1159 2330 1236 2368 ὑπὲρ
1255 2335 1311 2361 τοῦ
1325 2329 1512 2371 ’.Ρκερβόλου
1537 2330 1588 2369 (cf.

172 2382 356 2423 Meineckius
375 2391 450 2413 com.
470 2382 497 2412 V
519 2384 534 2412 1
557 2382 771 2420 p.123,hist.
801 2382 958 2420 crit.190)
987 2381 1035 2410 vel
1062 2381 1187 2411 Plautus
1212 2380 1319 2411 Pseud.
1340 2382 1398 2410 585
1418 2380 1588 2410 Ballionem

176 2430 379 2467 abalienabo,
398 2430 483 2461 Trin.
502 2432 560 2461 977
580 2433 614 2460 tu
632 2434 661 2461 te
678 2447 718 2453 —
736 2439 858 2461 rursum
874 2429 1067 2460 rochan-mida.

249 2479 281 2517 2)
307 2478 367 2517 Qui
385 2479 551 2509 servitutem
570 2479 659 2509 servit
678 2479 816 2517 antiquos
838 2478 951 2508 dixisse
961 2486 1077 2507 servum
1091 2477 1228 2508 finientes
1242 2482 1372 2508 testatur
1385 2477 1588 2515 Quintilianus

169 2527 225 2557 vn
245 2529 272 2564 3,
294 2529 348 2564 26,
380 2528 452 2558 item
472 2528 596 2558 Plautus
616 2528 694 2559 solet
713 2532 744 2558 et
764 2528 888 2565 antiqua
912 2526 1002 2557 verba
1022 2525 1149 2557 reddens
1169 2526 1288 2564 Livius;
1318 2526 1347 2556 si
1366 2525 1434 2564 quis
1454 2535 1475 2556 a
1493 2526 1587 2556 emis

169 2575 278 2612 quique
291 2584 351 2612 pro
369 2576 462 2605 servis
480 2576 648 2606 servitutem
665 2576 830 2606 servierunt
848 2575 957 2613 accip-'t
975 2574 1110 2612 <quod>
1130 2575 1197 2605 duit
1218 2575 1247 2604 is
1271 2575 1303 2604 in
1332 2575 1398 2611 lege
1416 2574 1520 2604 (lincis
1548 2573 1586 2604 de

167 2622 378 2653 donationibus
397 2623 506 2654 Plauto
525 2623 652 2655 florente
671 2624 754 2662 lata3
784 2623 823 2654 cf.
841 2623 1016 2655 Mommseni
1036 2623 1093 2653 iur.
1113 2623 1197 2661 publ.
1217 2622 1262 2653 111
1281 2624 1355 2661 421,
1382 2622 1492 2652 Brunsi
1511 2622 1587 2653 font.

167 2670 224 2702 int.
244 2671 333 2703 rom.⁵
352 2672 400 2704 45.
