1782 2996
805 231 1031 276 -9--‚

208 340 281 369 rem
296 330 620 378 commemorantis,
646 330 711 369 sed
726 329 839 369 etiam
853 328 952 367 Enni
976 328 1029 367 sic
1050 327 1332 380 praecipientia
1358 327 1490 366 amicus
1513 329 1626 381 certus

150 382 156 387 ’
206 388 247 426 in
269 400 308 426 re
330 389 462 426 incerta
486 390 640 426 cernitur
661 389 775 437 (trag.
800 387 901 436 388);
943 386 1048 435 capt.
1074 386 1144 425 103
1176 389 1258 423 ua'm
1289 382 1331 424 ni
1362 386 1461 423 illum
1492 385 1624 430 recipit,

204 446 259 483 nil
281 450 333 483 est
354 457 420 492 quo
444 458 496 483 me
528 447 690 492 recipiam
721 446 784 484 vel
801 444 945 483 Pseud.
971 444 1018 481 90
1047 448 1208 481 certumst
1238 444 1322 481 mihi
1357 447 1438 480 ante
1470 443 1626 480 tenebras

205 504 364 540 tenebras
379 504 542 549 persequi
573 505 613 540 et
645 503 720 539 alia
750 502 941 550 eleganter
977 501 1076 539 dieta
1106 505 1150 538 ut
1183 501 1316 539 similia
1346 513 1370 538 a
1393 499 1623 547 Quintiliano

206 559 335 597 adlata
357 561 378 606 ξ
394 560 440 595 67
453 570 528 608 sq.;
554 558 660 607 Capt.
675 559 744 595 661
769 563 864 595 sator
887 563 1065 603 sartorque
1086 559 1248 595 scelerum
1266 562 1298 594 et
1314 569 1440 594 messor
1455 568 1623 601 maxume,

206 616 270 653 ubi
292 628 433 654 messor
458 616 575 653 satori
599 614 798 664 opponitur
822 615 900 652 sine
924 614 1226 660 adnominatione,
1252 615 1332 652 fere
1356 617 1400 652 ut
1424 626 1550 651 carum
1569 613 1623 650 vi-

206 673 310 709 litati
332 686 368 708 v.
392 673 463 708 229
480 684 549 717 pro
573 677 630 708 tuo
654 684 733 708 caro
758 674 867 717 capite
890 684 1008 708 caru-m
1032 675 1156 718 offerre
1172 684 1224 707 me
1239 684 1347 707 meum
1364 676 1468 716 eaput
1483 671 1626 713 vilitati,

207 729 272 767 sed
294 728 543 767 adnominatio
567 733 663 766 sator
686 733 864 775 sartorque
879 728 954 766 vim
970 728 1139 766 dictionis
1158 730 1333 776 exauget:
1359 740 1467 777 quam
1481 727 1624 776 figurae

207 786 475 833 proprietatem
499 786 628 823 deinde
652 786 731 833 ipse
755 788 867 833 poeta
890 786 930 821 in
952 785 1145 822 ridiculum
1169 785 1354 821 convertit
1373 784 1543 831 Tyndari
1565 796 1624 820 ar-

207 841 322 888 gutiis
354 841 408 878 sie
437 842 686 890 insequentis:
727 853 800 878 non
830 846 1011 878 occatorem
1045 843 1156 879 dicere
1192 841 1340 877 audebas
1365 842 1498 886 prius?
1544 852 1628 876 nam

207 909 339 943 semper
362 902 478 935 occant
502 899 607 945 prius
637 911 740 944 quam
762 899 903 936 sariunt
924 900 1062 944 rustici,
1097 898 1207 947 plane
1243 900 1286 935 ut
1309 897 1349 934 in
1372 897 1483 935 simili
1506 897 1628 945 figura

208 967 243 991 v.
268 955 339 992 690
363 955 539 1002 Tyndaro
564 956 720 992 fortiter
744 952 980 992 contendenti
1002 957 1060 1001 qui
1078 967 1143 1000 per
1166 957 1342 997 virtutem,
1365 956 1471 999 periit
1495 958 1533 989 at
1556 965 1628 990 non

207 1012 327 1047 interit
349 1011 492 1058 regerit
516 1024 645 1048 senex:
671 1013 723 1047 vel
746 1016 778 1047 te
799 1013 971 1047 interiisse
992 1013 1043 1047 vel
1059 1013 1209 1057 periisse
1225 1012 1450 1055 praedicent3
1474 1011 1557 1046 dum
1571 1022 1628 1054 pe—

208 1078 296 1112 reas,
321 1069 411 1103 nihil
432 1069 598 1104 intererit.
655 1070 767 1115 atque
801 1068 859 1104 hic
884 1068 1025 1115 quidem
1049 1068 1341 1114 contrapositum
1365 1079 1445 1103 eum
1467 1066 1627 1102 adnomi-

209 1124 358 1160 natione
383 1123 613 1161 coniunctum
637 1128 711 1170 est;
747 1124 837 1161 item
859 1125 953 1160 Men.
978 1125 1046 1161 805
1070 1125 1159 1160 male
1179 1125 1276 1169 facit,
1300 1125 1334 1159 si
1357 1125 1445 1159 istuc
1466 1124 1571 1168 facit;
1595 1123 1629 1158 si

209 1192 282 1217 non
303 1182 397 1227 facit,
434 1186 472 1218 tu
494 1183 582 1218 male
602 1183 694 1227 facis
728 1181 789 1219 vel
812 1182 885 1219 alio
909 1182 1013 1218 modo
1038 1182 1140 1218 Trin.
1166 1182 1214 1228 §4
1227 1182 1405 1237 11ἱωίῃὲ
1434 1182 1490 1217 hic
1513 1181 1628 1234 pluris

203 1239 408 1282 pauciorum
429 1241 580 1285 qratiam
600 1240 737 1283 faciunt
755 1251 843 1284 pars
866 1240 1037 1275 hominum
1060 1238 1217 1284 quam'id
1232 1239 1319 1283 quod
1332 1240 1444 1283 prosit
1452 1238 1627 1283 pluribus,

209 1294 273 1331 ubi
297 1295 502 1332 sententiae
527 1295 767 1332 conformatio
799 1296 975 1343 quomodo
1006 1296 1146 1343 figurae
1178 1295 1360 1331 inserviat
1392 1294 1628 1331 manifestum

210 1350 280 1389 est.
341 1352 406 1389 sed
429 1353 517 1389 haee
541 1353 661 1389 omnia
691 1357 768 1389 tam
799 1353 1009 1401 frequentia
1039 1356 1126 1389 sunt
1151 1353 1190 1388 in
1213 1352 1340 1388 Plauti
1364 1360 1547 1396 sermone,
1583 1353 1627 1387 ut

209 1408 400 1445 incidenda
424 1410 475 1446 sit
498 1422 544 1446 ne
569 1410 729 1457 spatium
753 1412 927 1445 excurrat
951 1410 1197 1459 exemplorum
1230 1409 1355 1445 series.
1417 1411 1529 1456 atque
1553 1408 1626 1443 iam

211 1464 250 1500 in
273 1465 325 1501 eis
352 1477 443 1513 quae
467 1465 581 1502 attuli
604 1465 751 1502 inerant
776 1465 951 1513 quaedam
975 1466 1019 1502 ab
1043 1465 1127 1502 aliis
1162 1465 1239 1502 eius
1264 1465 1347 1502 aevi
1370 1465 1490 1512 poetis
1516 1464 1628 1501 simili

212 1521 317 1558 modo
353 1524 551 1569 usurpata;
592 1522 777 1569 permulta
800 1535 868 1569 pro
902 1522 1087 1569 paucitate
1121 1534 1294 1558 versuum
1325 1521 1454 1569 quibus
1489 1521 1628 1558 utimur

211 1578 372 1615 Naevius
397 1579 568 1626 praebet,
594 1589 699 1627 quem
723 1578 878 1616 Plautus
904 1579 1027 1615 ducem
1050 1579 1267 1615 subsecutus
1294 1581 1371 1616 est:
1402 1579 1556 1623 primum
1580 1579 1627 1614 ad

208 1636 366 1671 virtutem
386 1638 425 1671 ut
440 1637 596 1682 redeatis,
621 1637 750 1671 abeat-is
774 1637 816 1671 ab
840 1637 990 1681 iynavia,
1014 1637 1105 1671 domi
1126 1640 1245 1680 patres
1267 1637 1423 1680 patriam
1446 1639 1484 1670 ut
1507 1636 1628 1671 colatis

203 1692 323 1735 potius
346 1703 448 1737 quam
469 1693 607 1738 pere-ori
627 1693 755 1736 probra
779 1692 880 1739 (com.
906 1705 940 1728 v.
965 1692 1033 1739 92),
1058 1693 1166 1727 libera
1189 1693 1311 1738 linqua
1334 1692 1511 1737 loquemur
1534 1692 1627 1727 ludis

210 1748 426 1784 Liberalibus
450 1748 563 1796 (113),
600 1753 716 1784 utrum
747 1750 906 1794 scapulae
935 1750 1017 1794 plus
1047 1761 1094 1785 an
1125 1749 1230 1785 collus
1265 1749 1347 1785 calli
1370 1749 1490 1785 habeat
1514 1749 1626 1785 nescio

209 1804 327 1850 (115),
362 1806 592 1850 inqurqitavit
615 1817 721 1849 usque
746 1807 793 1841 ad
815 1807 922 1840 imum
944 1810 1114 1850 yutturem
1139 1806 1255 1851 (135),
1281 1809 1360 1840 ante
1378 1810 1490 1849 parta
1508 1806 1628 1849 patria

210 1860 294 1908 (84),
319 1861 392 1897 eius
414 1864 543 1897 noctem
567 1872 675 1897 nauco
699 1861 821 1898 ducere
843 1861 942 1909 (105)
966 1861 1027 1898 vel
1050 1872 1142 1909 quae
1166 1862 1282 1898 verba
1302 1861 1540 1898 bellissimam
1554 1873 1626 1898 me-

209 1918 358 1955 retricis
382 1918 609 1955 notationem
641 1918 850 1956 incohantia
878 1920 942 1954 alii
973 1920 1119 1955 adnutat
1142 1919 1208 1954 alii
1237 1920 1395 1955 adnictat
1417 1919 1493 1966 (76)
1517 1918 1625 1955 Plau-

210 1977 271 2010 tus
296 1974 463 2010 imitatus
488 1977 547 2011 est
563 1974 667 2010 Asin.
686 1975 756 2010 784
778 1987 884 2020 neque
907 1976 971 2011 illa
993 1976 1055 2010 ulli
1068 1975 1200 2010 homini
1214 1979 1308 2011 nutet
1324 1977 1427 2011 nictet
1443 1975 1625 2020 adnuat¹).

291 2083 320 2121 1)
339 2082 470 2112 Imitatio
490 2083 521 2112 in
541 2082 643 2112 eedem
662 2083 729 2120 lege
748 2084 896 2113 amatoria
916 2083 1045 2113 eiusdem
1070 2082 1129 2113 looi
1151 2083 1298 2113 Naeviani
1317 2083 1501 2120 conspicitur
1520 2092 1546 2112 v.
1567 2084 1624 2112 778

211 2130 403 2169 spectandum
422 2140 460 2161 ne
478 2131 529 2161 cui
548 2132 675 2161 anulum
693 2131 742 2162 det
768 2131 873 2170 (Neev.
895 2133 933 2162 78
960 2132 1085 2163 anulum
1104 2132 1162 2162 alii
1181 2133 1234 2162 dat
1252 2131 1463 2170 spectandum,
1496 2131 1536 2161 ef.
1556 2131 1626 2161 Rib-

210 2179 333 2209 beokius
354 2179 367 2197 ⁸
385 2188 415 2216 p.
436 2181 486 2217 23)
507 2184 537 2209 et
567 2179 723 2210 confirmat
753 2180 832 2217 qnod
860 2181 922 2210 dixi
948 2181 1085 2210 Plautum
1111 2189 1215 2210 versus
1236 2181 1407 2211 Naevianos
1433 2181 1465 2209 in
1485 2180 1550 2216 lege
1570 2188 1625 2209 sua

210 2227 384 2258 exornanda
403 2228 581 2265 respexisse.
614 2229 687 2258 item
706 2229 737 2258 in
758 2229 896 2260 Asinaria
916 2230 1037 2259 Plautus
1057 2229 1218 2266 pistrinum
1237 2227 1469 2267 αἰνιγματωδῶς
1489 2228 1626 2266 designat

209 2286 235 2307 v.
257 2278 292 2306 81
305 2285 350 2314 sq.
371 2281 405 2306 ut
424 2276 555 2308 Naevius
575 2286 648 2307 com.
670 2278 727 2316 983
754 2278 865 2316 Pseud.
889 2279 940 2308 121
954 2288 997 2316 sq.
1018 2278 1062 2308 vel
1084 2279 1192 2308 Bacch.
1213 2280 1269 2309 50⁷
1279 2287 1322 2316 sq.
1344 2279 1375 2307 in
1394 2283 1521 2307 mentem
1541 2285 1626 2307 revo-

208 2328 278 2354 cant
297 2324 451 2354 Naevianis
471 2334 498 2354 v.
519 2326 557 2355 95
587 2325 657 2355 deos
685 2334 795 2363 quaeso
824 2330 858 2356 ut
877 2327 1061 2357 adimant—
1073 2330 1101 2356 et
1122 2330 1240 2364 patrem
1260 2330 1287 2356 et
1305 2330 1427 2356 matrem
1445 2334 1525 2355 meos
1543 2330 1626 2355 certe

209 2373 254 2403 sie
271 2371 359 2409 παρὰ
376 2373 569 2418 προσδοκίαν
588 2374 753 2404 enuntiata.
779 2391 814 2397 -
846 2376 878 2405 in
896 2379 1070 2405 transcursu
1090 2383 1195 2405 moneo
1216 2375 1362 2405 Naeviani
1381 2375 1542 2411 fragmenti
1558 2374 1627 2404 ulti-

207 2430 286 2452 mum
304 2421 422 2451 versum
441 2421 521 2458 (cum
540 2422 603 2452 alio
621 2426 739 2460 cantat,
771 2426 804 2453 at
821 2426 921 2454 tamen
942 2424 1014 2454 aliis
1033 2423 1087 2454 dat
1113 2424 1206 2462 diqito
1235 2424 1350 2454 litteras
1378 2423 1496 2453 codices
1516 2422 1627 2453 Isidori

207 2469 367 2507 originum)
386 2470 498 2500 rectius
518 2470 545 2500 si
565 2470 637 2507 quid
655 2470 741 2501 video
762 2480 850 2508 qnam
870 2472 902 2501 in
921 2472 1052 2502 editione
1071 2472 1141 2509 (alii
1160 2481 1216 2501 suo
1235 2471 1510 2509 dat)Ribbeokiu1n
1530 2479 1626 2501 emen-

208 2516 297 2547 duee
315 2516 348 2546 in
367 2516 528 2547 corollario
549 2525 578 2554 p.
598 2517 699 2549 XVII:
728 2518 786 2548 alii
804 2519 913 2557 siqvtat.
958 2527 1064 2550 novum
1083 2518 1179 2549 Naevi
1208 2519 1406 2556 fragmentum
1431 2519 1479 2548 vel
1508 2519 1625 2549 auctius

207 2566 290 2605 (nem
308 2565 406 2605 prima
425 2565 517 2596 verba
529 2565 641 2596 Paulus
660 2565 797 2605 dederat)
817 2576 914 2605 nuper
932 2567 1076 2606 apparuit
1095 2568 1127 2598 in
1146 2568 1295 2606 glossario
1315 2567 1426 2598 codicis
1438 2567 1626 2598 cassinensis

207 2615 303 2653 (corp.
324 2615 416 2652 gloss.
435 2614 463 2644 V
482 2614 592 2653 565,6)
612 2618 643 2645 et
664 2615 805 2646 Vaticani
824 2617 905 2654 (521,
919 2618 976 2655 15),
996 2620 1157 2647 tractatum
1178 2626 1197 2647 a
1217 2615 1398 2654 Landgrafio
1416 2616 1449 2646 in
1461 2615 1627 2647 Woelfflini

207 2663 289 2694 arch.
308 2663 352 2695 IX
373 2664 428 2694 172
440 2671 484 2702 sq.
505 2662 597 2694 verba
615 2663 690 2695 haee
713 2667 801 2696 sunt:
822 2673 910 2698 cocus
929 2666 989 2698 edit
1007 2665 1112 2703 (edidit
1135 2666 1217 2705 Vnt.)
1238 2665 1429 2707 Neptunum,
1453 2664 1583 2695 Cererem
1601 2668 1628 2698 α
