1782 2988
173 176 304 215 deinde
328 176 489 214 alterum
513 176 670 214 crimen:

314 252 396 288 tum
419 249 517 299 quod
539 249 741 287 malevolus
767 253 875 287 vetus
899 250 1011 298 poeta
1034 247 1205 293 dictitat,

314 310 469 355 repente
493 307 542 344 ad
565 306 728 345 studium
751 306 846 344 hunc
871 319 910 344 se
934 305 1138 354 adplicasse
1161 304 1337 342 musicum

314 364 504 401 amicum
537 363 726 412 ingenio
750 363 907 409 fretum,
932 362 1030 400 haud
1052 365 1225 400 natura
1259 374 1366 399 sua:

315 420 577 459 arbitrium
609 422 850 467 vostrum,
886 424 1050 459 vostra
1083 419 1391 458 existumatio
1551 421 1593 454 25

314 479 477 524 valebit3
513 490 586 525 qua
608 491 651 514 re
676 478 791 514 omnis
817 491 884 514 vos
909 480 1035 514 oratos
1060 477 1144 514 volo

313 547 359 571 ne
383 534 468 582 plus
492 534 701 583 iniquom
724 534 846 582 possit
870 546 977 583 quam
1001 546 1192 583 aequom
1216 533 1348 571 oratio.

313 591 427 629 facite
451 592 560 640 aequi
583 591 683 636 sitis,
718 591 806 629 date
831 591 1076 629 crescendi
1101 591 1280 639 copiam

313 659 493 685 novarum
516 648 580 698 qui
603 648 858 696 spectandi
881 648 1022 685 faciunt
1046 647 1232 695 copiam.

174 733 328 769 quorum
351 733 526 758 versuum
549 721 701 758 ultimus
719 721 948 758 rarissimam
964 721 1003 757 in
1017 724 1145 758 vetere
1161 720 1353 758 latinitate
1368 722 1597 758 structuram

173 778 285 814 habet
308 781 465 826 propter
489 778 647 825 figuram
670 777 760 814 item
783 780 827 814 ut
851 778 909 814 illi
933 778 978 814 de
1002 777 1130 825 quibus
1168 777 1346 822 diximus,
1382 780 1425 814 ut
1455 777 1597 814 scilicet

170 835 348 879 spectandi
372 836 412 871 et
436 836 607 871 crescendi
630 834 875 871 concinerent.
934 834 1101 883 sequitur
1131 834 1429 881 ἀντικατηγορία,
1466 834 1597 871 deinde

170 902 349 938 perorare
373 891 504 938 incipit
529 891 578 937 (v.
596 891 678 937 35),
715 890 781 927 sed
805 891 862 928 ita
894 893 938 928 ut
961 891 1087 927 multis
1119 890 1244 927 verbis
1279 893 1318 927 et
1351 891 1494 928 intento
1532 903 1596 927 ore

172 946 244 983 sibi
267 947 347 994 ipse
370 959 439 994 pro
464 947 690 984 auctoritate
715 959 782 983 sua
806 947 934 995 populi
957 946 1248 983 benevolentiam
1272 949 1435 995 expetat.
1484 949 1596 995 atque

172 1002 337 1041 dubitari
369 1005 496 1052 potest
529 1007 656 1041 utrum
691 1003 781 1041 haec
813 1016 902 1052 pars
939 1016 983 1042 ea
1016 1004 1067 1041 sit
1101 1016 1209 1053 quam
1241 1004 1348 1042 initio
1374 1004 1597 1052 significavit

172 1060 296 1098 verbis
320 1062 443 1097 deinde
466 1062 558 1106 quod
578 1061 658 1097 veni
680 1061 819 1106 eloquar
843 1073 891 1097 an
915 1073 994 1098 eam
1028 1061 1100 1097 iam
1123 1073 1146 1097 a
1169 1074 1204 1098 v.
1231 1061 1276 1097 16
1310 1060 1471 1108 incipere
1501 1060 1597 1097 dica-

170 1129 271 1164 mus;
297 1119 409 1166 atque
433 1117 501 1153 hoc
526 1116 671 1165 quidem
694 1117 923 1164 probabilius
949 1121 1007 1154 est
1030 1118 1184 1165 primam
1207 1119 1353 1165 partem
1377 1129 1457 1154 esse
1482 1129 1596 1165 usque

171 1174 220 1210 ad
243 1187 279 1211 v.
305 1174 371 1218 15,
407 1174 566 1211 alteram
590 1173 838 1210 defensionem
863 1186 943 1210 cum
967 1174 1196 1211 accusatione
1221 1174 1429 1211 adversarii
1452 1174 1594 1221 (—34)‚

174 1229 270 1266 adici
292 1230 578 1278 perorationem.

265 1287 404 1324 Restat
427 1288 601 1334 Hecyrae
624 1287 799 1335 prologus
837 1287 1037 1332 secundus,
1076 1287 1138 1335 qui
1169 1289 1212 1324 ut
1245 1290 1411 1335 tempore
1445 1287 1596 1324 ultimus

166 1346 231 1390 ⁷est
255 1344 308 1379 sic
332 1343 490 1380 omnium
512 1343 668 1379 maxime
702 1344 828 1380 eodem
864 1344 931 1379 illo
966 1344 1142 1380 sermonis
1178 1343 1335 1380 artificio
1371 1343 1595 1380 luxuriatur.

172 1397 342 1437 diversus
368 1402 427 1437 est
450 1411 473 1436 a
496 1398 651 1448 reliquis
675 1399 855 1448 longioris
891 1400 1050 1437 ambitus
1080 1400 1244 1448 prologis
1270 1413 1312 1437 eo
1337 1400 1434 1449 quod
1457 1400 1596 1437 nullam

171 1457 420 1494 defensionem
443 1459 510 1493 aut
534 1457 802 1493 accusationem
840 1457 974 1501 habet,
1012 1457 1077 1493 sed
1112 1457 1362 1493 narrationem
1396 1457 1595 1504 duplicem:

170 1514 333 1562 priorem
357 1513 504 1561 (6—27)
534 1513 580 1550 de
605 1512 763 1550 Caecilio
788 1515 876 1562 post
900 1513 1141 1562 prooemium,
1177 1513 1335 1550 alteram
1359 1513 1527 1561 (33-42)
1552 1513 1597 1551 de

171 1571 324 1618 Hecyra
346 1573 433 1619 post
457 1570 682 1619 prooemium
715 1571 877 1608 alterum
914 1571 976 1617 (28
999 1584 1091 1608 nunc
1124 1572 1207 1616 quid
1236 1575 1351 1616 petam
1383 1583 1458 1607 mea
1489 1583 1599 1610 causa.

171 1639 277 1672 aequo
302 1628 418 1662 animo
441 1627 633 1673 attendite);
659 1627 778 1674 ipsum
803 1627 934 1663 deinde
959 1627 1055 1674 quod
1078 1627 1175 1674 petit
1198 1627 1469 1674 perorationem
1486 1626 1598 1663 efficit

172 1683 354 1730 (43—57).
404 1682 609 1720 orationem
633 1696 724 1729 esse,
750 1696 824 1721 non
847 1683 1058 1731 prologum,
1089 1683 1216 1732 primis
1242 1683 1371 1721 statim
1394 1683 1518 1721 verbis
1543 1683 1596 1720 in-

173 1740 321 1778 dicatur
344 1740 533 1788 prooemii,
559 1740 656 1788 quod
680 1740 734 1777 sic
758 1740 944 1777 decurrit:

316 1812 480 1855 Orator
505 1812 553 1849 ad
576 1825 642 1851 vos
667 1813 774 1851 venio
800 1815 961 1851 ornatu
985 1812 1148 1861 prologi:

310 1870 427 1907 sinite
451 1873 677 1907 exorator
702 1871 788 1916 sim,
824 1870 949 1907 eodem
973 1872 1017 1907 ut
1040 1870 1134 1907 iure
1159 1871 1225 1908 uti
1249 1883 1392 1908 senem
1553 1874 1596 1905 10

316 1926 428 1963 liceat
452 1938 522 1974 quo
547 1926 644 1964 iure
669 1939 748 1964 sum
771 1938 875 1964 usus
901 1926 1244 1973 adulescentior,

315 1994 450 2020 novas
476 1983 539 2031 qui
564 1986 712 2021 exactas
738 1984 811 2021 feci
834 1985 878 2021 ut
901 1983 1308 2030 inveterascerent,

314 2051 360 2075 ne
384 2051 465 2075 cum
490 2042 602 2087 poeta
625 2040 814 2088 scriptura
838 2043 1135 2077 evanesceret.

171 2128 307 2167 Epid.41
327 2131 371 2159 est
389 2137 484 2159 causa
505 2138 566 2167 qua
584 2138 680 2161 cauea
699 2130 791 2161 simul
809 2138 921 2160 mecum
940 2130 984 2160 ire
1002 2131 1133 2168 ver-ituci,
1152 2130 1245 2161 Mero.
1259 2131 1334 2160 1015
1354 2130 1443 2160 immo
1462 2130 1597 2161 dicamus

172 2177 294 2207 senibus
313 2177 404 2215 leyem
418 2186 566 2207 censeo—
577 2187 638 2215 qua
657 2187 688 2208 ec
708 2179 767 2217 lege
786 2181 915 2215 teneant,
935 2179 1003 2208 Aul.
1015 2180 1069 2209 561
1093 2179 1181 2209 etiam
1201 2187 1313 2216 aymam
1331 2178 1409 2207 misi.
1455 2177 1519 2216 Quo
1532 2178 1596 2216 qui-

173 2225 238 2255 dem
257 2233 336 2264 aquo
355 2241 403 2262 --,
435 2225 502 2256 Cas.
524 2226 582 2257 309
602 2235 668 2257 mm
697 2235 909 2265 opera—qua
939 2235 1044 2265 «mera,
1076 2227 1156 2257 Meu.
1177 2228 1235 2257 955
1255 2230 1289 2257 ut
1313 2229 1461 2264 parentur
1490 2226 1597 2265 quibus

168 2273 292 2312 paratis
311 2282 387 2311 opus
407 2277 465 2312 θεὴ
486 2273 649 2306 artificiose
669 2276 763 2313 magis
784 2274 932 2306 Rud.6eo
951 2284 989 2305 nc
1008 2276 1054 2306 vis
1072 2285 1117 2306 me
1137 2276 1294 2314 opprimat,
1316 2284 1393 2312 quac
1411 2275 1458 2305 vis
1475 2275 1536 2305 vim
1554 2275 1597 2305 mi

173 2320 311 2356 adferam
329 2321 400 2358 ipsa
420 2322 524 2360 αᾶἰρίι,
544 2323 635 2360 plane
654 2328 688 2353 ut
707 2323 844 2353 Lucilius
855 2323 914 2353 860
934 2324 1085 2361 accipiunt
1105 2325 1188 2362 loyca,
1205 2323 1340 2361 populus
1359 2323 1465 2361 quibua
1484 2323 1597 2362 legibue

171 2369 257 2399 exlex
278 2385 324 2405 —,
343 2369 436 2406 paulo
455 2370 545 2400 aliter
565 2371 657 2401 Mero.
679 2372 733 2402 101
762 2371 871 2402 mulier
899 2380 959 2409 qua
978 2373 1084 2402 mulier
1103 2373 1168 2403 alia
1188 2372 1304 2402 nullast
1317 2371 1453 2409 pulcrior
1478 2375 1509 2402 et
1529 2371 1594 2402 Cas.

171 2417 230 2447 863
249 2425 348 2447 senem
368 2426 426 2455 quo
444 2427 533 2449 sonex
551 2420 677 2457 nequior
695 2420 801 2451 nullus
828 2419 909 2449 vivit.
963 2421 1072 2450 similia
1100 2424 1130 2450 et
1156 2429 1231 2458 quae
1252 2420 1372 2450 Brixiae
1392 2419 1431 2449 ad
1452 2419 1516 2449 Mil.
1540 2420 1596 2449 142

173 2466 342 2503 composuit
368 2469 399 2496 et
419 2474 495 2504 quae
516 2467 676 2506 Vsaingius
696 2469 736 2499 ad
756 2469 819 2499 Mil.
840 2468 908 2499 624.
929 2468 1080 2500 Ciceronis
1100 2478 1185 2500 usum
1206 2469 1380 2507 perquirere
1399 2476 1510 2507 operae
1529 2476 1598 2506 pre-

172 2513 246 2544 tium
266 2517 321 2544 est.
