1782 2996
751 112 985 150 ..21-

159 207 216 248 bis
240 211 487 260 praeparatur
511 209 608 260 (24):
641 221 735 247 nune
766 209 851 256 quid
883 208 982 246 velim
1004 210 1158 247 animum
1182 210 1364 257 attendite,
1400 209 1576 260 prologus

160 266 356 305 Asinariae
380 268 535 305 nominis
558 266 823 316 pronuntiandi
846 277 957 303 causa
980 278 1018 304 se
1041 267 1241 315 procedere
1264 268 1372 313 dicit,
1403 268 1577 306 similiter

159 323 234 362 alii.
295 338 383 374 ergo
415 324 536 363 critici
570 326 636 362 aut
671 322 911 373 partitionem
944 322 1179 362 inverteer
1210 324 1264 372 (id
1297 325 1421 361 deinde
1452 326 1576 369 dicam,

154 383 309 426 primum
332 384 422 427 quod
443 383 525 417 veni
548 381 698 427 eloquar)
722 382 790 416 aut
813 391 987 415 versuum
1010 381 1183 416 ordinem.
1244 383 1355 428 atque
1379 393 1441 417 cur
1459 383 1577 426 partis

154 438 231 474 sem‘
246 442 349 484 poeta
371 438 506 476 dederit
537 436 623 473 inde
647 448 671 472 a
693 448 728 473 v.
755 436 798 471 11
825 435 957 484 exponi
987 436 1222 474 manifestum
1246 439 1321 474 est:
1358 441 1574 474 oratorem

156 507 229 531 esse
250 496 360 532 voluit
382 507 444 540 me,
468 506 537 531 non
554 494 812 539 proloyum:
847 496 997 529 vostrum
1019 494 1233 531 iudicium
1253 495 1352 539 fecit,
1386 507 1438 531 me
1461 498 1575 532 acto-

153 563 242 588 rem
265 552 369 597 dedit,
395 552 428 586 si
450 552 506 586 hie
528 553 627 586 actor
650 553 783 585 tantum
804 550 929 594 poterit
953 562 975 585 a
995 551 1219 595 facundia
1243 554 1408 596 quantum
1431 552 1491 587 ille
1510 563 1575 596 po-

153 608 219 644 tuit
242 609 448 654 coqitare
471 607 637 643 commode
660 607 720 651 qui
743 607 933 642 orationem
955 606 1043 644 hane
1077 608 1270 652 scripsit
1303 619 1404 653 quam
1435 608 1574 644 dictu-

152 675 232 699 rus
254 675 330 699 sum
366 663 419 710 (in
443 660 731 711 quibus'regnat
755 662 948 699 ἀντίθετον
971 663 1048 700 sine
1072 663 1384 709 adnominatione,
1420 666 1574 711 praeter

153 719 221 757 illa
254 722 389 756 tantum
416 720 772 765 poterit-quantum
795 719 947 766 potuit„
984 719 1152 768 sequitur
1186 718 1232 756 de
1265 719 1573 757 contaminatione

154 776 323 813 narratio
347 788 427 812 cum
451 776 688 813 refutatione.
744 776 816 812 iam
848 788 940 824 quae
963 776 1063 813 inter
1087 789 1122 813 v.
1147 777 1170 812 3
1195 779 1235 813 et
1258 777 1302 813 11
1337 776 1572 814 interceth

153 832 275 870 consid
280 845 421 870 eremus
434 846 443 869 ε

295 917 341 941 ex
364 905 558 952 integra
580 917 714 952 graeca
737 905 971 952 integram
995 905 1215 942 comoediam

295 961 403 998 hodie
428 974 507 998 sum
531 963 681 999 acturus
706 961 1161 1007 Heautontimorumenon,
1550 966 1569 997 5

295 1019 469 1066 duplex
493 1031 584 1067 quae
609 1032 655 1056 ex
678 1021 893 1067 argumento
918 1019 1057 1056 factast
1081 1019 1304 1067 simplici.

293 1086 425 1112 novam
449 1088 529 1112 esse
554 1075 699 1112 ostendi
723 1078 762 1112 et
786 1087 879 1123 quae
903 1079 1029 1122 esset5'
1045 1088 1140 1112 nunc
1163 1075 1227 1123 qui
1251 1075 1445 1123 scripserit

293 1133 332 1168 et
356 1131 464 1179 quoia
487 1143 621 1179 graeca
644 1131 696 1168 sit
719 1131 759 1167 ni
780 1133 927 1180 partem
948 1143 1151 1168 maxumam

294 1187 554 1225 existumarem
577 1188 672 1225 scire
696 1192 883 1234 vostrum,
908 1188 947 1224 id
970 1188 1147 1225 dicerem:

293 1257 387 1281 nunc
412 1257 519 1293 quam
542 1247 587 1282 ob
611 1258 690 1282 rem
712 1245 779 1282 has
803 1245 924 1293 partis
948 1244 1137 1282 didicerim
1161 1244 1286 1292 paucis
1311 1245 1415 1282 dabo.
1527 1250 1569 1281 10

152 1316 281 1353 ultimo
305 1329 418 1353 versu
441 1317 521 1364 ipse
545 1329 585 1354 se
620 1320 772 1354 revocat
805 1317 853 1353 ad
883 1316 922 1353 id
955 1317 1051 1364 quod
1073 1317 1192 1364 primo
1218 1329 1257 1353 se
1281 1317 1465 1354 dicturum
1489 1330 1570 1355 esse

152 1372 434 1419 adfirmaverat5
471 1373 550 1421 ipse
582 1373 700 1421 igitur
733 1372 872 1410 indicat
904 1386 976 1409 non
1006 1373 1136 1410 statim
1170 1374 1216 1410 ab
1240 1373 1323 1421 ipsa
1345 1386 1388 1410 re
1412 1386 1452 1411 se
1475 1374 1570 1411 ince-

150 1429 249 1477 pisse
274 1429 339 1466 sed
362 1430 502 1478 aliquid
525 1430 770 1478 praemisisse.
818 1430 1009 1477 praemisit
1032 1442 1162 1467 nomen
1186 1430 1349 1475 fabulae,
1375 1431 1472 1479 quod
1495 1431 1571 1479 pri-

151 1499 249 1522 mum
273 1488 331 1522 est
354 1486 394 1522 in
416 1487 587 1533 Hecyrae
612 1487 766 1534 prologo
791 1487 926 1534 priore,
951 1486 989 1522 in
1010 1486 1191 1523 Plautinis
1216 1487 1451 1534 pronuntiari
1473 1488 1570 1524 solet

152 1543 215 1580 ubi
239 1544 285 1580 ab
309 1543 522 1591 ambagibus
559 1543 607 1580 ad
640 1556 719 1581 rem
752 1543 949 1581 acceditur.
1005 1546 1132 1581 notum
1165 1545 1289 1580 autem
1322 1545 1381 1581 est
1412 1546 1570 1592 quantas

150 1600 339 1637 molestias
376 1601 516 1637 criticis
548 1601 688 1637 nostris
722 1601 869 1638 nomina
901 1600 1108 1637 fabularum
1132 1601 1172 1637 in
1195 1601 1360 1648 prologis
1383 1601 1569 1639 Plautinis

149 1668 223 1693 non
245 1656 325 1694 loco
349 1658 461 1705 atque
486 1657 613 1693 ordine
638 1657 779 1694 scilicet
802 1657 926 1705 posita
950 1656 1202 1703 exhibuerint;
1240 1668 1313 1705 qua
1346 1657 1391 1693 de
1424 1669 1467 1694 re
1491 1657 1570 1694 dixi

152 1716 293 1762 quaest.
310 1714 367 1751 Pl.
383 1714 453 1750 222
464 1727 518 1762 sq.
567 1714 649 1760 iam,
674 1716 717 1751 ut
741 1714 809 1751 hoc
831 1714 989 1763 primum
1011 1713 1138 1759 dicam,
1164 1713 1571 1752 Heautontimorumeni

150 1771 326 1819 prologus
351 1773 516 1819 tempore
540 1771 680 1819 primus
704 1774 762 1808 est
787 1783 833 1808 ex
849 1770 1082 1808 Terentianis
1108 1783 1198 1818 quos
1214 1771 1387 1808 habemus
1398 1772 1448 1818 ²);
1473 1772 1569 1809 artis

151 1827 377 1875 subtilioris,
414 1841 522 1877 quam
545 1828 584 1866 in
607 1828 772 1877 prologis
797 1828 998 1866 scribendis
1023 1830 1254 1866 consectatus
1279 1831 1356 1873 est,
1380 1828 1490 1866 initia
1513 1833 1569 1867 te-

151 1897 288 1921 nemus.
347 1897 468 1922 secum
491 1887 685 1933 reputasse
710 1886 925 1922 Terentium
958 1885 1087 1932 opinor
1121 1898 1191 1932 quo
1225 1886 1457 1932 potissimum
1488 1887 1568 1924 loco

148 1941 303 1979 nominis
328 1941 548 1979 mentionem
571 1944 726 1990 poneret
750 1945 789 1979 et
812 1942 994 1991 aptiorem
1017 1953 1091 1978 non
1113 1941 1316 1989 invenisse;
1342 1942 1484 1980 seilicet
1502 1955 1570 1981 nec

151 1997 281 2034 rhetor
306 2001 390 2035 erat
415 1999 507 2035 satis
533 1999 758 2036 exercitatus
783 2002 823 2036 et
846 2001 957 2047 poeta
980 2011 1052 2035 non
1073 1999 1346 2045 grammaticus.
1381 2000 1569 2037 ‘rationem

146 2052 205 2089 rei
228 2064 465 2102 assequemur
489 2054 671 2100 fortasse,
710 2055 743 2092 si
767 2066 982 2103 quaeremus
1011 2066 1076 2090 cur
1101 2054 1243 2091 omnino
1268 2054 1416 2092 fabulae
1440 2067 1571 2093 nomen

144 2108 184 2146 in
207 2109 275 2147 hoc
300 2111 455 2159 prologo
480 2111 569 2150 data
593 2124 706 2160 opera
720 2111 1039 2160 pronuntiaverim
1064 2123 1149 2148 nam
1164 2111 1204 2148 in
1219 2111 1386 2149 Andriae
1402 2112 1570 2150 Eunuchi

224 2258 255 2297 1)
275 2259 409 2291 Andriae
428 2250 573 2300 piologus
593 2271 654 2293 non
673 2262 789 2300 primae
809 2262 930 2293 fabulae
949 2262 1060 2293 actioni
1080 2262 1210 2300 scriptus
1238 2265 1285 2293 est
1311 2261 1364 2300 (cf.
1385 2265 1500 2300 quaest.
1526 2262 1570 2293 Pl.

147 2307 209 2346 89),
229 2306 348 2346 Hecyra·
361 2309 496 2352 primum
515 2311 580 2341 sine
599 2311 725 2349 prologo
745 2315 830 2349 actu
850 2310 982 2342 formae
994 2310 1110 2341 Andria
1130 2319 1246 2349 qnoque
1267 2311 1395 2348 primum
1415 2311 1480 2341 sine
1500 2320 1569 2348 pro·

148 2355 235 2392 logo:
254 2363 360 2393 nempe
379 2365 439 2387 non
458 2359 657 2396 improbabile
676 2363 723 2390 est
742 2359 895 2390 obstinere
904 2359 1076 2390 Terentium
1096 2360 1231 2397 prologis
1251 2359 1389 2395 voluisse,
1410 2359 1461 2396 qui
1482 2359 1571 2389 Euri-

147 2401 266 2440 pidum
286 2406 453 2441 argumenti
482 2407 650 2444 exponendi
680 2407 826 2437 rationem
852 2407 1059 2445 derelinquere
1087 2408 1218 2437 animum
1243 2406 1410 2437 induxisset
1440 2407 1570 2445 (quaest.
1606 2435 1610 2439 .

146 2451 191 2481 Pl.
205 2452 261 2481 174
275 2451 342 2491 sq.),
363 2452 470 2484 deinde
486 2455 518 2485 in
538 2455 658 2496 Hecyra
677 2456 833 2487 adversam
851 2455 1003 2488 fortunam
1015 2460 1170 2494 expertum
1187 2456 1312 2494 prologo
1323 2455 1569 2486 commendando

147 2508 223 2537 opus
245 2507 312 2530 esse
331 2500 518 2534 intellexisse
538 2508 569 2535 et
588 2504 658 2535 inde
677 2504 717 2536 ab
735 2504 1070 2536 Heautontimorumeno
1091 2514 1175 2537 suam
1195 2504 1313 2546 prologi
1332 2504 1475 2547 formam,
1495 2504 1570 2541 alio-

150 2556 215 2580 rum
236 2552 395 2588 poetarum
415 2552 551 2591 exempla
570 2557 720 2593 secutum,
739 2562 797 2586 usu
816 2554 990 2588 excoluim.
