1782 2988
765 121 999 162 -ξε-

168 227 202 253 v.
222 214 268 254 18
293 216 390 266 quod
412 216 594 256 traditam
617 218 676 257 est
699 220 737 255 ut
759 218 802 257 ab
826 220 937 258 eodem
961 218 1052 257 azias
1074 219 1241 258 discerem
1269 221 1426 270 propter
1449 223 1597 261 senten-

169 273 261 311 tiam
285 273 495 322 immutavi,
522 289 606 313 ·non
628 277 785 325 propter
808 277 964 326 figuram
976 290 985 325 ;
1009 288 1094 314 nam
1118 277 1215 326 quod
1237 290 1333 316 1111110
1355 291 1458 325 aqere
1480 282 1520 318 et
1541 281 1595 318 ds·-

167 343 241 368 cerc
264 332 468 379 concinunt,
494 333 534 370 in
557 333 711 372 traditis
735 335 898 372 discerem
922 339 960 372 et
983 335 1194 372 abducerem.
1237 335 1303 372 sed
1325 349 1360 374 v.
1376 336 1421 373 21
1439 337 1595 383 placitae

166 394 252 425 sunt
274 390 416 438 figurae
441 403 551 428 causa
574 392 699 439 posuit
714 391 748 439 ¹).
798 405 833 429 v.
851 393 898 429 26
922 404 1026 429 essem
1051 391 1199 440 scripsi,
1225 405 1298 430 non
1321 397 1408 430 essct
1432 400 1593 432 cumco-

168 446 320 484 dicibus.
381 450 545 486 ceterum
569 449 615 487 de
638 448 808 487 artificiis
841 449 1017 487 sermonis
1047 449 1140 486 nihil
1172 450 1314 488 moneri
1347 452 1497 500 oportet
1520 451 1594 489 nisi

167 503 206 539 in
227 505 419 542 enuntiato
437 518 471 543 v.
486 506 627 543 24-27
652 507 847 544 subtiliore
863 507 968 544 modo
985 508 1100 543 verba
1122 507 1324 555 composita
1340 520 1421 545 esse
1437 512 1592 556 propter

168 560 435 608 oppositionem
459 563 657 600 verborum
682 562 866 600 scribendi
892 576 934 601 ac
958 563 1182 600 deterrendi.
1219 563 1293 600 iam
1309 564 1357 601 ad
1372 564 1491 613 ipsam
1513 577 1593 602 rem

167 617 328 655 transit:

261 704 358 728 nunc
382 692 470 741 quid
493 695 617 741 petam
624 720 633 738 ‚
657 704 737 729 mea
761 705 872 730 causa
896 705 1010 742 aequo
1035 693 1153 730 animo
1178 693 1372 731 attendite.

256 749 451 796 *Hecyram
475 750 523 786 ad
546 763 612 787 vos
637 750 772 795 refero,
797 763 906 799 quam
929 751 1018 787 mihi
1040 763 1107 799 per
1132 750 1319 788 silentium

261 818 458 854 numquam
482 819 593 854 agere
618 807 798 844 licitumst
812 821 820 844 :
846 808 903 845 ita
927 820 1006 845 eam
1031 807 1217 856 oppressit
1242 807 1482 845 calamitas.
1546 810 1590 842 80

262 874 343 899 eam
367 864 695 902 calamitatem
731 867 902 902 vostra
932 864 1274 913 intellegentia

264 919 426 965 sedabit,
453 920 486 957 si
510 920 585 957 erit
608 920 774 957 adiutrix
797 934 823 958 n
834 934 854 958 0
866 925 997 959 strae
1031 921 1301 959 industriae
1313 922 1348 969 ²).

169 1003 212 1029 ac
237 992 282 1030 de
305 992 458 1040 Hecyra
480 1004 638 1029 narrare
661 992 807 1041 pergit:

262 1078 370 1114 quom
394 1065 552 1113 primum
576 1077 656 1102 eam
680 1077 792 1113 agere
817 1065 936 1114 coepi,
962 1065 1126 1114 pugilum
1148 1065 1288 1113 gloria,

261 1122 467 1159 funambuli
491 1122 617 1159 eodem
641 1122 812 1160 accessiti
836 1123 1060 1171 expectatio,

261 1180 434 1217 comitum
457 1183 659 1217 conventus
684 1179 886 1228 strepitus,
912 1180 1048 1216 clamor
1071 1179 1264 1217 mulierum
1545 1182 1587 1215 35

261 1236 382 1273 fecere
407 1240 450 1273 ut
474 1240 561 1273 ante
585 1239 728 1284 tempus
755 1236 895 1273 exirem
918 1237 1031 1273 foras.

260 1295 414 1329 vetere
439 1293 478 1329 in
501 1304 621 1329 nova
644 1293 747 1341 coepi
770 1293 828 1330 uti
852 1292 1140 1338 consuetudine,

261 1349 300 1385 in
324 1349 549 1397 experiundo
573 1351 616 1386 ut
641 1362 777 1386 essem:
803 1349 927 1386 refero
953 1349 1079 1386 denuo.

260 1405 379 1453 primo
404 1409 490 1443 actu
513 1406 655 1454 placeo,
681 1418 790 1454 quom
813 1405 959 1443 interea
982 1418 1107 1443 rumor
1131 1405 1234 1442 venit

261 1462 388 1499 datum
412 1463 463 1499 iri
485 1462 734 1510 gladiatores:
761 1462 920 1511 populus
945 1462 1135 1507 convolat,
1543 1465 1588 1496 40

260 1519 538 1556 tumultuantur
562 1520 722 1556 clamant
746 1521 969 1568 pugnant
1002 1519 1054 1556 de
1085 1518 1210 1555 loco:

260 1588 328 1623 ego
352 1575 498 1613 interea
521 1588 640 1613 meum
662 1589 736 1613 non
759 1575 866 1624 potui
888 1575 1043 1612 tutari
1066 1575 1259 1620 locum⁸).

168 1648 257 1685 haec
282 1661 424 1697 quoque
449 1649 646 1696 exscripsi,
671 1652 714 1685 ut
738 1651 919 1697 appareat
943 1659 1051 1696 quam
1072 1659 1181 1696 parce
1207 1647 1364 1695 figuram
1387 1647 1591 1695 asperserit

167 1705 387 1751 narrationi,
413 1717 522 1754 quam
546 1705 671 1753 potius
696 1704 957 1752 descriptionis
981 1704 1182 1741 vivacitate
1207 1716 1315 1741 aures
1340 1703 1527 1741 oblectare
1551 1706 1591 1741 et

167 1762 318 1799 allicere
343 1762 483 1798 animos
508 1762 681 1799 voluerit.
739 1774 829 1809 ergo
855 1761 984 1809 quibus
1009 1761 1132 1809 potuit
1156 1761 1339 1798 coloribus
1362 1760 1528 1809 pugilum
1551 1763 1591 1799 et

168 1818 372 1855 funambuli
395 1818 613 1864 adventum,
638 1819 780 1864 deinde,
805 1830 873 1866 per
896 1820 1083 1865 τρίκωλον,
1108 1820 1263 1866 propter
1283 1818 1513 1865 gladiatores
1527 1831 1589 1866 po-

250 1978 279 2015 1)
299 1978 424 2007 Plautus
445 1978 548 2014 placui
568 1978 660 2008 Stich.
683 1979 741 2008 762
761 1977 848 2014 capt.
872 1978 946 2006 1035
973 1976 1074 2014 (Poen.
1097 1977 1200 2015 13⁷1),
1226 1977 1394 2014 placuerim
1412 1977 1504 2008 Marc.
1526 1979 1594 2015 103,

161 2027 307 2065 placuero
326 2026 407 2056 Men.
428 2027 496 2062 670,
526 2026 686 2057 Terentius
701 2025 810 2064 placui
829 2024 906 2054 And.
928 2025 992 2055 102.
1015 2025 1089 2061 109,
1112 2025 1258 2063 placuero
1283 2025 1359 2056 Eun.
1380 2026 1473 2064 10673
1505 2025 1593 2064 quasi

166 2085 222 2114 pro
253 2075 402 2106 adiectivo
432 2075 558 2105 Plautus
587 2075 695 2113 Amph.
717 2075 775 2105 635
803 2073 848 2103 ita
878 2073 956 2103 divis
981 2076 1023 2104 est
1037 2074 1184 2112 placitum
1211 2077 1242 2104 et
1262 2073 1421 2104 Terentius
1443 2074 1514 2104 Hec.
1534 2075 1589 2105 241

168 2133 245 2163 quae
263 2125 346 2155 vobis
361 2124 507 2162 placitaet
526 2124 679 2162 condicio,
709 2122 856 2162 quomodo
883 2122 965 2160 loqui
985 2122 1051 2153 loco
1071 2132 1157 2161 quem
1176 2126 1341 2153 tractamus
1362 2131 1418 2153 1100
1437 2123 1518 2161 ratio
1538 2122 1595 2153 iin-

166 2182 243 2212 gnae
263 2182 318 2204 1100
338 2183 411 2204 usus
431 2173 667 2204 commendabat.
710 2171 846 2203 Bembini
866 2170 1031 2202 didascalia
1050 2172 1148 2210 primo
1168 2180 1205 2203 ex
1217 2172 1344 2210 prologo
1358 2172 1450 2203 habet
1468 2180 1532 2203 non
1550 2175 1594 2203 oet

161 2223 289 2261 placita,
309 2222 416 2253 deinde
431 2222 558 2261 placuit.
598 2221 781 2252 conferenda
800 2219 952 2250 Diomedis
972 2221 1128 2252 adnotatio
1148 2222 1247 2259 p.402
1267 2220 1353 2259 apud
1376 2220 1593 2260 'sta-paim—

166 2271 290 2309 legimus
319 2271 432 2301 ‘iurata
458 2271 535 2301 eum'
561 2270 692 2309 perfecto
714 2269 833 2308 finitivo
852 2268 978 2299 dictum.-
1005 2269 1123 2300 iuvenis
1148 2273 1190 2300 est
1210 2269 1263 2308 qui
1282 2270 1425 2308 consulit,
1455 2270 1593 2301 meretrix

165 2319 323 2357 respondet
342 2320 413 2349 ‘non
432 2328 499 2349 aum
517 2319 641 2356 iwrata’,
664 2328 721 2357 pro
740 2327 775 2349 eo
794 2326 868 2347 sane
888 2318 966 2355 quod
986 2321 1028 2348 est
1041 2319 1170 2349 ‘iura-ati.
1199 2328 1262 2349 mm
1280 2318 1400 2349 iaravi’.
1433 2318 1485 2349 nbi
1504 2327 1595 2357 aegre

166 2367 290 2397 ferimus
310 2368 448 2397 omissam
468 2367 668 2398 adulescentis
690 2366 965 2402 interrogationem.
984 2366 1105 2397 iuratus
1116 2376 1184 2397 sum
1198 2368 1341 2398 usitatum
1354 2367 1473 2405 quidem
1484 2366 1593 2398 Plauto

171 2420 228 2454 est,
250 2415 302 2446 sed
323 2416 443 2454 Tui-pili
463 2420 564 2447 aetate
585 2425 695 2446 rarum.

245 2466 276 2502 2)
297 2464 373 2494 Don.
394 2465 434 2494 ad
454 2467 526 2495 κει
551 2465 752 2495 calamitatem
772 2463 898 2501 repetiit,
918 2472 956 2494 ne
974 2473 1030 2495 nos
1047 2463 1186 2500 fabulam
1208 2464 1295 2495 illum
1309 2464 1404 2495 dicere
1418 2466 1597 2502 putaremus

165 2522 273 2553 parum
293 2517 384 2549 recte,
404 2522 431 2542 v.
452 2521 484 2550 p.
505 2513 544 2543 24
564 2513 632 2543 adn.

244 2562 276 2606 3)
296 2561 374 2593 Don.
394 2561 432 2594 ad
453 2571 480 2593 v.
502 2563 540 2594 37
561 2561 729 2595 ἀντίθετον
744 2560 887 2603 primum,
907 2561 945 2593 ad
966 2571 992 2593 v.
1013 2563 1051 2592 42
1069 2561 1165 2601 facete
1183 2561 1288 2604 repetit
1307 2561 1410 2594 locum.
