1782 2988
769 145 1006 182 -14-

312 252 477 288 magna
500 239 683 289 sapientia
707 240 856 279 multa
866 254 884 278 s
894 253 978 290 qne
1002 240 1164 278 virtutes

312 299 439 334 aetate
463 309 573 345 quom
595 310 620 345 p
628 308 679 334 ar
686 309 711 334 v
718 308 742 333 a
765 298 913 345 posidet
936 298 1004 334 hoc
1027 309 1186 334 saxsum.

312 353 433 402 quoiei
456 353 538 391 vita
561 353 713 400 defecit,
738 365 812 391 non
835 354 1001 399 honos,
1036 353 1222 400 honore,

309 410 343 447 is
367 409 426 447 hic
449 410 545 448 situs
554 439 563 457 ,
589 411 674 460 quei
697 423 882 460 nunquam
905 411 1025 448 victus
1051 413 1111 448 est
1134 411 1312 449 virtutei:

309 478 424 504 annos
448 469 586 515 gnatus
610 466 746 515 viginti
769 467 803 505 is
828 467 889 513 [di
900 467 1014 516 v]eis
1038 467 1292 516 m[an]datu
1303 481 1320 505 s
1332 496 1341 514 ,

309 536 355 561 ne
380 524 563 572 quairatis
589 525 644 562 ho
655 537 707 561 no
718 536 768 562 re
793 525 877 573 quei
899 524 1016 562 minus
1043 525 1094 562 sit
1116 525 1340 573 mand[at]
1351 538 1376 562 u
1387 524 1428 574 [s.

167 597 226 633 hic
249 597 452 644 composita
476 600 565 635 sunt
588 609 715 643 maqna
738 601 779 634 et
802 599 930 635 malms
952 600 996 635 ut
1018 598 1195 643 sapientia
1227 600 1266 635 et
1289 599 1451 642 virtutes,
1485 610 1594 646 oppo-

168 653 244 691 sita
266 665 396 700 magna
420 655 460 691 et
480 666 599 699 parva
621 654 678 702 (ut
701 653 740 690 in
764 654 884 702 elogio
909 654 1024 692 tertio
1048 654 1361 702 brevia—longa),
1393 654 1593 692 artificiose

168 711 275 748 iuxta
297 711 422 758 posita
445 713 553 748 honos
577 713 719 758 honore;
753 712 856 749 cuius
881 711 1129 749 collocationis
1150 711 1293 760 aliquot
1318 711 1485 760 exempla
1508 711 1594 749 dedi

166 767 207 803 in
230 767 323 804 actis
350 780 422 804 soc.
448 767 619 816 Gotting.
647 768 738 804 1895
761 781 797 816 p.
822 769 914 814 433,
952 768 1077 806 eodem
1111 768 1218 805 modo
1254 768 1453 805 Terentius
1477 768 1593 805 Phor-

167 823 298 860 mionis
322 836 358 861 v.
385 824 428 860 11
454 825 572 861 ‚ninus
604 825 709 860 multo
743 826 906 861 audacter
940 837 1041 871 quam
1076 836 1167 861 nune
1197 825 1342 861 laedit
1378 825 1592 861 laederet.

165 892 246 917 rem
269 893 383 918 versu
407 881 429 916 3
454 881 683 918 enuntiatam
707 882 885 929 quaesitis
911 882 1035 919 verbis
1060 882 1246 930 explicant
1269 894 1304 918 v.
1330 882 1364 918 5.
1383 882 1415 927 6,
1441 881 1504 918 ubi
1528 881 1590 918 do-

165 937 314 976 lendum
339 937 435 986 quod
458 939 568 975 diveis
591 951 665 975 non
687 938 896 976 certissima
920 939 1124 977 emendatio
1150 942 1227 985 est;
1253 941 1355 976 certe
1375 937 1591 976 vocabulum

167 995 243 1033 fuit
266 998 423 1033 mortem
446 996 574 1033 Manes
600 996 808 1044 sepulcrum
832 996 1063 1044 significans;
1089 998 1212 1033 honore
1236 996 1403 1033 dativum
1426 1008 1508 1033 esse
1531 1007 1590 1032 ar-

166 1053 299 1090 bitror.
326 1057 561 1101 opponuntur
573 1053 874 1100 diveisss-honore,
893 1066 985 1102 quae
1000 1055 1114 1091 verba
1133 1053 1273 1102 pondus
1292 1053 1462 1090 dictionis
1480 1052 1591 1090 susti-

166 1112 276 1155 nent,
315 1110 504 1158 repetitur
537 1111 722 1147 mandatus
758 1122 801 1147 eo
834 1111 940 1148 modo
978 1123 1082 1159 quem
1114 1110 1362 1156 Quintilianus
1396 1110 1486 1147 dicit
1519 1110 1591 1158 (IX

166 1168 200 1213 3,
214 1168 274 1214 67)
300 1179 377 1203 cum
400 1169 499 1203 verbo
522 1169 612 1204 idem
636 1168 772 1204 verbum
781 1168 867 1213 plus
881 1169 1119 1214 siqnifieanter
1135 1168 1374 1214 subiunqitur:
1399 1167 1591 1204 coniuncta

168 1230 256 1261 sunt
291 1224 495 1270 ἀπὺθετον,
533 1227 803 1271 παρονομασία,
843 1225 1111 1271 ὁμοιόπτωτον,
1150 1224 1212 1273 qui
1247 1237 1327 1261 cum
1359 1224 1589 1261 Lachmanno

167 1285 299 1319 mactus
330 1281 393 1319 vel
423 1285 591 1318 mactatus
626 1281 755 1319 scribit
787 1281 979 1318 consilium
1010 1282 1203 1331 scriptoris
1226 1281 1409 1329 infringit.
1458 1293 1589 1319 versus

167 1338 277 1386 longe
300 1338 436 1375 remoti
459 1350 482 1374 a
506 1341 651 1387 compta
679 1338 906 1387 antiquitate
941 1338 1144 1386 elogiorum
1175 1338 1335 1376 vetustis
1361 1338 1588 1386 Scipionibus

167 1395 401 1445 scriptorum,
426 1395 527 1444 pleni
551 1396 756 1444 elegantiae
781 1395 980 1433 oratoriae.
1030 1396 1075 1433 de
1100 1396 1200 1433 cuius
1225 1395 1370 1433 ratione
1394 1407 1437 1432 ac
1452 1399 1589 1433 natura

166 1453 306 1490 certius
329 1453 487 1489 iudicari
509 1453 652 1501 poterit
675 1454 737 1490 ubi
762 1453 919 1490 Terenti
942 1456 1062 1490 artem
1090 1453 1201 1501 paulo
1234 1453 1440 1490 accuratius
1474 1453 1589 1490 consi-

166 1509 429 1547 deraverimus.

260 1624 357 1661 Hinc
380 1623 476 1660 enim
499 1636 611 1671 porro
635 1623 813 1671 progredi
845 1622 934 1660 licet
967 1635 1009 1660 ac
1040 1623 1084 1660 de
1120 1623 1213 1660 artis
1250 1624 1458 1661 rhetoricae
1490 1623 1589 1672 apud

166 1682 352 1718 Romanos
386 1680 504 1717 initiis
542 1693 587 1717 ex
611 1681 787 1717 Terentio
819 1680 960 1728 aliquid
990 1680 1189 1717 addiscere.
1250 1680 1446 1717 Terentius
1471 1680 1589 1728 igitur

165 1737 472 1774 adnominationis
498 1739 537 1773 et
561 1736 808 1785 contrapositi
842 1736 958 1774 variis
994 1736 1122 1784 figuris
1157 1749 1230 1773 non
1262 1741 1340 1774 tam
1373 1737 1588 1785 frequenter

166 1807 274 1844 quam
308 1794 473 1831 Naevius
508 1793 663 1831 Plautus
689 1793 870 1831 Caecilius
902 1793 1044 1839 utitur,
1086 1794 1193 1831 immo
1226 1794 1346 1831 artius
1371 1797 1414 1831 ut
1437 1794 1587 1831 videtur

164 1853 234 1888 hac
269 1863 411 1899 quoque
447 1851 487 1886 in
519 1863 561 1887 re
595 1851 643 1886 ad
671 1851 866 1887 Menandri
899 1850 1101 1897 exemplum
1134 1863 1174 1887 se
1207 1851 1393 1898 applicare
1425 1851 1585 1887 volebat.

164 1920 255 1946 rara
278 1907 376 1957 apud
399 1907 505 1944 illum
529 1907 653 1956 qualia
676 1907 815 1956 passim
846 1906 1039 1945 attulimus
1063 1907 1125 1945 vel
1148 1906 1259 1944 talia:
1284 1907 1378 1943 Eun.
1403 1907 1474 1944 236
1492 1919 1586 1952 pan-

164 1967 222 2003 m's
245 1966 417 2010 annisque
440 1966 569 2011 obsita,
602 1964 699 2001 And.
724 1965 797 2002 280
828 1969 1026 2001 commoveat
1059 1977 1166 2011 neque
1180 1968 1418 2012 commoneat,
1455 1964 1525 2001 338
1549 1965 1588 2001 di

164 2023 254 2067 boni,
278 2023 360 2058 boni
383 2022 467 2068 quid
483 2025 595 2067 porto,
633 2022 704 2058 378
727 2024 827 2067 ipsus
848 2022 915 2057 sibi
938 2033 1009 2057 esse
1030 2022 1186 2058 iniurius
1208 2022 1384 2067 videatur,
1420 2032 1527 2067 neque
1548 2022 1588 2058 id

162 2080 309 2126 iniuria,
335 2078 406 2117 912
429 2078 643 2116 sollicitando
667 2082 698 2116 et
713 2079 961 2125 pollicitando,
985 2078 1073 2116 Hec.
1091 2079 1161 2116 580
1184 2079 1381 2123 commerui,
1406 2079 1525 2115 merito
1548 2081 1588 2115 ut

164 2141 299 2182 caperet
322 2137 439 2173 odium
462 2136 561 2172 illam
582 2137 649 2172 mei
676 2136 805 2184 (Turp.
826 2136 908 2181 85),
942 2136 1087 2173 Phorm.
1111 2137 1183 2173 500
1205 2140 1245 2172 ut
1260 2136 1456 2181 phaleratis
1479 2137 1586 2173 ducas

164 2195 268 2230 dictis
290 2205 344 2229 me
368 2197 402 2229 et
424 2204 533 2228 meam
564 2194 680 2229 ductes
707 2194 834 2240 qratiis
848 2193 894 2238 ¹),
929 2194 968 2229 et
1003 2193 1059 2230 ita
1090 2192 1267 2240 pleraque
1300 2194 1513 2240 comparata
1542 2195 1586 2229 ut
1626 2210 1630 2213 ·

162 2251 318 2288 verbum
340 2250 455 2286 verbo
478 2249 598 2297 possit
623 2261 837 2297 expressum
861 2261 951 2285 esse.
992 2261 1101 2286 unam
1125 2249 1291 2297 speciem,
1316 2260 1425 2297 quam
1440 2248 1585 2296 elegan-

163 2307 299 2345 tiorem
320 2306 572 2352 Quintilianus
598 2305 688 2343 dicit
699 2307 737 2353 ²),
763 2305 812 2342 ad
836 2317 943 2353 quam
965 2306 1131 2354 pertinet
1154 2305 1249 2342 illud
1271 2305 1400 2342 Plauti
1417 2308 1529 2351 periit
1549 2308 1587 2342 at

243 2441 272 2479 1)
292 2440 413 2470 Phorm.
434 2439 492 2469 686
512 2437 555 2469 ad
571 2437 673 2468 restim
690 2437 766 2468 mihi
786 2436 903 2475 quidem
921 2445 969 2468 res
987 2437 1065 2468 redit
1079 2437 1270 2476 planissume
1289 2440 1342 2468 aut
1354 2437 1585 2476 proverbialiter

163 2495 217 2522 aut
234 2498 273 2521 ex
292 2489 424 2520 Caecilio
442 2488 515 2527 (215
535 2486 577 2518 ad
594 2487 695 2517 restim
712 2496 761 2518 ree
780 2486 876 2525 redit).

240 2536 626 2578 2)Quint.1X,8‚⁷sed
651 2536 815 2575 elegantius
841 2535 1139 2575 qwdeatpositum
1164 2536 1200 2567 in
1226 2536 1586 2576 mumolus-cipro·

157 2590 287 2632 priam
303 2588 377 2628 (Cic.
399 2589 430 2619 in
450 2588 514 2619 Cat.
538 2587 562 2625 l,
584 2587 623 2618 30
641 2586 719 2619 hanc
745 2585 791 2619 rei
813 2585 953 2625 publicae
978 2589 1090 2625 pestem
1112 2586 1273 2626 paulisper
1299 2587 1440 2626 reprimi,
1469 2595 1532 2618 non
1551 2585 1587 2620 in
