1782 2988
785 175 831 184 -
880 152 927 195 33
973 176 1020 183 -

190 246 344 286 fuerunt
376 247 460 286 inde
492 260 515 286 a
546 248 722 287 Lambino
757 250 822 299 qui
856 254 997 289 certum
1031 249 1275 298 significatum
1313 250 1392 290 eius
1425 250 1522 300 quod
1554 250 1614 290 est

186 306 333 352 factores
358 308 425 344 aut
448 305 550 343 aliud
574 319 704 344 nomen
728 306 933 364 ad-ludum
966 307 1116 357 proprie
1137 306 1336 356 pertinens
1375 308 1611 357 quaerebant.

188 363 290 401 aliud
315 364 518 413 exemplum
544 365 715 403 dictionis
739 367 896 413 praebet
919 366 996 403 Mil.
1022 365 1102 411 617,
1136 366 1199 402 ubi
1222 365 1422 403 Pleusicles
1447 365 1612 404 modeste

115 425 126 435 ·
188 421 381 458 admodum
404 424 515 470 atque
539 424 584 459 ut
610 422 884 460 adulescentulo
909 423 1116 460 liberaliter
1141 423 1295 460 educato
1320 423 1491 461 convenit
1514 423 1613 471 apud

190 490 313 516 senem
338 491 377 516 se
402 482 555 517 excusat
580 480 676 528 quod
699 481 809 517 tanta
832 480 982 529 negotia
1006 480 1040 517 ei
1064 491 1107 516 ac
1130 479 1318 517 molestias
1343 480 1524 518 facessat:
1549 481 1611 517 hoc

185 548 238 572 me
258 538 399 581 facinus
424 539 585 573 miserum
609 542 760 573 macerat
783 551 958 583 meumque
981 550 1038 573 cor
1061 550 1246 583 corpusque
1276 539 1426 583 cruciat,
1462 551 1542 575 cum
1565 537 1611 574 de

187 593 352 640 corporis
377 593 544 630 cruciatu
569 594 667 630 serio
692 594 852 641 cogitari
875 598 1041 642 nequeat,
1062 595 1182 637 ‚verba
1198 594 1436 631 tamen'serio
1454 595 1611 631 efferan-

188 653 272 695 tur;
308 650 367 687 hic
392 663 534 699 quoque
559 663 681 696 corpus
705 652 748 687 ut
773 651 974 689 adderetur
1000 663 1108 687 sonus
1133 651 1302 688 vocabuli
1325 651 1520 697 suadebat,
1545 661 1612 689 nec

186 706 362 743 vitiosum
386 710 487 744 esset
511 721 545 744 v.
572 709 641 744 783
666 710 721 744 cui
751 709 960 752 facetiarum
990 709 1080 756 <cor>
1113 720 1302 753 corpusque
1332 710 1379 744 sit
1406 709 1546 753 plenum
1579 712 1612 744 et

187 764 277 808 doli,
313 764 378 801 sed
401 764 453 801 ibi
478 765 670 802 evidenter
695 765 905 803 emendavit
928 765 1112 803 Dziatzko
1146 777 1204 802 cor
1226 768 1415 811 pectusque.
1476 764 1611 802 accidit

186 821 299 858 etiam
323 824 367 858 ut
391 822 532 858 duobus
565 823 688 859 verbis
720 823 876 859 tertium
910 824 1069 860 addatur
1083 851 1090 864 ,
1131 823 1232 859 cuius
1265 823 1412 870 generis
1446 822 1611 871 exempla

185 890 321 925 graeca
336 878 647 916 Wilamowitzius
673 879 785 915 dedit.
834 892 908 915 non
931 880 1043 916 aliter
1067 879 1235 927 intellegi
1260 879 1369 916 debet
1394 879 1490 927 quod
1504 879 1609 915 Pers.

185 936 255 971 777
280 935 422 983 legitur
446 937 507 981 qui
529 940 611 972 sunt
627 958 671 963 —
689 938 815 982 quique
836 938 978 982 fuerunt
1003 938 1123 983 quique
1144 938 1258 982 futuri
1280 941 1364 973 sunt
1382 937 1535 981 posthac,
1558 947 1611 973 so-

186 993 241 1027 lus
266 1004 325 1037 eqo
350 994 505 1028 omnibus
529 994 666 1028 antideo
693 997 731 1029 et
755 994 886 1029 Bacch.
914 995 1006 1030 1087
1040 995 1240 1039 quicumque
1271 994 1329 1029 ubi
1352 994 1411 1029 ubi
1433 997 1526 1036 sunt,
1551 994 1611 1038 qui

182 1049 327 1093 fuerunt
350 1050 472 1094 quique
493 1050 608 1094 futuri
631 1053 714 1085 sunt
742 1050 888 1094 posthac
914 1071 956 1076 —-
982 1051 1076 1086 solus
1108 1062 1166 1096 eqo
1200 1050 1312 1085 omnis
1345 1050 1442 1095 lonqe
1473 1049 1611 1085 antideo

184 1106 333 1141 stultitia
358 1110 391 1142 et
412 1107 565 1143 moribus
589 1108 755 1151 indoctis,
793 1119 879 1143 nam
903 1107 947 1144 de
972 1107 1110 1144 futuris
1134 1107 1347 1155 praedicere
1371 1106 1525 1143 ridicule
1550 1106 1609 1143 de-

186 1162 372 1208 sperantis
408 1166 476 1199 est.
538 1163 650 1199 simili
673 1163 779 1199 modo
806 1176 1024 1207 excurrens,
1064 1166 1225 1200 ceterum
1250 1164 1424 1199 differens
1450 1163 1609 1199 dictione

184 1230 227 1254 ac
251 1231 361 1255 sensu
386 1219 583 1256 Terentius
608 1220 743 1256 Heaut.
770 1220 861 1264 243,
899 1220 962 1256 ubi
987 1220 1179 1268 quaerenti
1202 1221 1330 1265 audin,
1358 1219 1505 1256 Clinia?
1552 1231 1609 1255 re-

186 1276 344 1322 spondet
368 1288 427 1320 eqo
451 1288 531 1312 vero
554 1278 658 1312 audio
682 1288 776 1312 nunc
809 1278 945 1312 demum
969 1281 1000 1312 ct
1030 1279 1124 1313 video
1152 1281 1185 1312 et
1216 1278 1328 1319 valeo,
1366 1277 1516 1321 Clitipho
1549 1275 1611 1312 vel

187 1331 314 1369 Cicero
340 1344 408 1380 pro
434 1332 606 1378 Quinctio
632 1333 678 1368 90
702 1344 744 1368 ex
767 1344 834 1378 quo
859 1337 891 1368 et
915 1345 957 1368 ex
980 1334 1098 1369 ceteris
1123 1334 1223 1373 dictis
1253 1333 1357 1378 factis
1389 1333 1610 1378 coqitatisque

185 1391 264 1426 Sex.
289 1390 401 1425 Naevi
425 1391 538 1435 quiz-is
557 1394 670 1434 potest
692 1391 887 1435 intelzeqere
910 1385 1007 1426 illum
1030 1391 1120 1426 nihil
1143 1391 1241 1426 aliud
1264 1391 1372 1436 eqisse
1394 1401 1500 1434 neque
1519 1401 1612 1425 nunc

184 1458 285 1491 ayere
315 1447 389 1482 nisi
422 1448 475 1482 uti
507 1459 571 1492 per
592 1448 661 1482 vim
690 1468 729 1472 —
758 1450 864 1482 totum
890 1459 1011 1491 agrum
1036 1468 1081 1473 -
1105 1459 1205 1482 suum
1235 1448 1348 1492 fucere
1371 1448 1503 1491 possit,
1538 1446 1611 1482 nisi

184 1502 281 1550 quod
305 1502 363 1539 hic
386 1504 487 1540 dictis
508 1504 623 1549 factis,
651 1515 742 1551 quae
767 1503 938 1551 cognosci
962 1504 1007 1539 ab
1032 1503 1114 1539 aliis
1139 1506 1303 1551 possunt,
1330 1504 1475 1550 coyitata
1498 1514 1609 1551 appo-

184 1562 324 1596 nuntur
336 1588 344 1605 ,
382 1560 427 1597 de
452 1561 583 1608 quibus
609 1573 713 1596 nemo
739 1561 931 1608 quicquam
955 1560 1172 1607 intellegere
1207 1563 1352 1608 potest,
1390 1562 1536 1597 tantum
1566 1562 1610 1596 ut

186 1629 430 1665 quaecumque
454 1617 502 1653 ad
525 1630 604 1653 rem
628 1617 817 1664 pertinere
842 1617 919 1652 ullo
943 1617 1048 1652 modo
1073 1617 1217 1664 possint
1242 1629 1314 1653 una
1339 1617 1498 1653 dictione
1516 1628 1609 1653 com-

183 1673 470 1720 prehendantur.
522 1673 732 1709 Ciceronem
757 1673 936 1709 advocavi
959 1675 1019 1718 ut,
1051 1674 1146 1721 quod
1170 1673 1208 1709 in
1233 1673 1344 1709 simili
1368 1685 1478 1709 causa
1500 1685 1610 1720 saepe

184 1729 267 1773 feci,
291 1742 407 1776 genus
431 1730 605 1777 loquendi
628 1743 674 1765 ex
697 1741 821 1766 merae
845 1729 1046 1765 latinitatis
1071 1730 1216 1766 flumine
1240 1730 1412 1766 haustum
1436 1742 1518 1765 esse
1539 1729 1610 1766 tali

186 1789 338 1823 auctore
363 1788 538 1823 testarer.
589 1785 751 1823 eiusdem
777 1798 822 1822 ex
848 1785 997 1834 scriptis
1023 1786 1281 1834 philosophicis
1307 1786 1397 1823 duos
1422 1785 1521 1823 locos
1546 1785 1608 1822 ad-

184 1844 321 1889 feram,
359 1844 519 1880 alterum
544 1844 589 1880 de
612 1844 673 1880 fin.
698 1844 756 1881 IV
780 1843 827 1879 47
859 1844 910 1879 sio
933 1855 1052 1879 errare
1078 1845 1267 1891 Zenonem,
1302 1845 1362 1890 qui
1385 1844 1485 1880 nulla
1508 1844 1548 1880 in
1571 1855 1609 1879 re

184 1902 256 1938 nisi
279 1902 319 1937 in
343 1901 470 1937 virtute
494 1904 557 1937 aut
579 1902 662 1937 vitio
680 1901 945 1947 propensionem
976 1912 1020 1936 ne
1050 1902 1185 1937 minimi
1207 1902 1343 1947 quidem
1371 1902 1533 1937 momenti
1564 1901 1610 1936 ad
1629 1927 1633 1932 .

184 1970 353 1995 summum
376 1960 500 1995 bonum
522 1959 783 2004 adipiscendum
807 1969 879 1994 esse
902 1959 1044 2003 diceret,
1070 1958 1133 1995 ubi
1157 1958 1313 1996 Guietus
1332 1958 1505 1995 Davisius
1522 1958 1609 1995 Bai-

184 2017 289 2051 terus
315 2015 391 2060 alii,
417 2027 496 2051 cum
520 2016 568 2051 ad
592 2028 770 2051 summum
793 2016 926 2050 bonum
950 2015 1221 2062 adipiscendum
1245 2015 1366 2051 virtus
1388 2027 1462 2050 non
1477 2015 1609 2051 vitium

184 2072 465 2120 propensionem
501 2072 653 2118 habeat,
691 2076 753 2108 aut
789 2072 871 2107 vitio
906 2070 1098 2116 delebant,
1139 2071 1346 2119 Madvigius
1378 2071 1526 2108 dubitat
1561 2083 1610 2108 an

183 2132 380 2177 utrumque
407 2130 652 2177 ‘neglegentia
677 2128 843 2177 quadam'
869 2128 1130 2174 nominaverim
1158 2128 1290 2176 quippe
1314 2129 1457 2166 locutus
1483 2131 1542 2166 est
1565 2131 1609 2166 ut

184 2186 282 2233 apud
307 2186 559 2233 Thucydidem
582 2186 744 2222 Pericles
776 2185 830 2232 (II
854 2185 915 2231 41)
948 2191 1132 2230 πανταχοῦ
1166 2184 1206 2220 δὲ
1238 2192 1394 2232 μνημεῖα
1426 2192 1548 2221 κακῶν
1570 2199 1609 2229 τε

184 2243 360 2289 κάγαθῶν
384 2243 484 2279 ἀίδια
508 2244 865 2289 emmeant-savus,
902 2241 964 2289 qui
998 2243 1099 2278 certe
1131 2248 1203 2278 τῶν
1233 2249 1354 2279 κακῶν
1389 2242 1609 2279 mentionem

184 2312 258 2336 non
281 2299 432 2336 fecisset
455 2299 528 2336 nisi
551 2302 706 2364 propter
731 2299 889 2347 figuram
904 2298 940 2345 1).
984 2298 1102 2334 alter
1133 2298 1234 2335 locus
1267 2299 1386 2347 priori
1410 2299 1608 2337 consimilis

185 2358 244 2393 est
269 2356 308 2393 et
332 2355 381 2392 ad
404 2356 578 2393 tuendam
603 2356 680 2393 eius
706 2367 848 2404 quoque
874 2354 1068 2391 lectionem
1091 2355 1262 2402 idoneus,
1300 2356 1350 2393 de
1369 2357 1431 2393 off.
1455 2356 1516 2392 m
1540 2356 1609 2392 119

183 2425 246 2450 nec
269 2425 348 2450 vero
369 2415 455 2458 finis
478 2414 644 2450 bonorum
668 2417 701 2450 et
724 2414 915 2457 malorum,
948 2413 1007 2457 qui
1030 2413 1177 2457 simpleoe
1199 2425 1270 2450 esse
1294 2414 1407 2459 debet,
1440 2425 1483 2450 ex
1505 2414 1610 2451 dissi·-

267 2546 297 2583 1)
318 2545 418 2576 Schol.
439 2550 545 2576 κακῶν
564 2545 642 2583 πρὸς
661 2545 732 2580 τοὺς
751 2543 937 2582 πάσχοντας,
957 2542 1037 2581 λέγει
1057 2542 1092 2574 δὲ
1111 2543 1151 2574 τὰ
1170 2543 1321 2584 τρόπαια,
1352 2554 1492 2585 perverse
1512 2549 1546 2578 ut
1566 2553 1611 2577 re-

186 2598 288 2627 centes
308 2595 499 2636 interpretes,
519 2595 551 2625 in
570 2595 678 2635 quibus
698 2594 819 2626 fuerunt
840 2593 931 2624 etiam
951 2594 1001 2633 qui
1022 2595 1123 2626 καλῶν
1144 2595 1321 2628 coniectent.
