1782 2988
758 169 989 204 -32-

157 261 317 298 deantur
341 274 439 308 esse;
477 264 521 299 ut
547 262 580 299 si
604 261 693 298 dicit
715 261 935 310 Pomponius
961 275 995 299 v.
1013 262 1035 297 7
1067 264 1104 297 at
1127 272 1184 307 eqo
1208 262 1404 297 rusticatim
1427 266 1581 309 tanqam,

157 319 417 353 urbanatim
441 320 555 354 nescio
582 317 690 365 (illud
714 328 736 353 a
760 318 973 354 rusticando
998 317 1225 363 derivatum,
1259 317 1327 353 hoc
1350 319 1496 354 tantum
1520 318 1582 354 ad-

156 374 285 411 verbio
310 375 632 422 accommodatum)
657 374 719 412 vel
744 374 783 412 C.
801 375 934 413 Canius
960 374 1058 422 apud
1074 373 1286 411 Ciceronem
1310 374 1355 411 de
1380 375 1441 411 off.
1458 375 1521 411 III
1536 375 1584 412 58

158 432 339 466 otiandi
363 444 434 467 non
458 433 657 477 negotiandi
681 443 786 466 causa
800 432 827 478 l)
850 432 911 468 vel
934 431 1090 467 Plautus
1116 431 1224 466 Truc.
1242 431 1314 466 434
1337 442 1409 466 non
1432 432 1585 466 amantis

157 487 331 531 mulieris,
361 488 421 524 sed
444 489 555 524 soeiae
581 488 875 524 unani-mantis
899 486 1133 536 participium
1165 486 1362 535 participio
1387 498 1584 535 apponens,

156 543 290 580 Pseud.
305 545 372 580 791
392 557 461 581 non
486 547 708 591 eoquinumst,
734 557 851 581 verum
873 546 1123 590 furinumst
1141 546 1269 589 forum.
1305 544 1388 580 hinc
1412 546 1502 581 nata
1517 544 1585 580 illa

157 600 290 637 Pseud.
317 601 409 637 1237
441 606 600 638 certumst
629 602 677 637 mi
709 602 801 638 hunc
831 602 1114 638 emortualem
1144 602 1258 646 faeere
1292 613 1334 637 ex
1370 602 1483 637 natali
1517 602 1583 646 die,

158 658 266 693 True.
292 658 339 693 62
375 660 466 695 unde
499 663 579 695 aute
607 662 716 703 parta
751 659 871 694 demus
887 658 1280 703 postpartoribus‚
1312 657 1419 705 Epid.
1443 657 1513 693 223
1537 670 1585 693 au

157 714 315 760 reqillam
331 715 531 752 induculam
547 727 594 751 an
618 727 650 750 m
662 727 678 750 e
689 726 711 750 n
721 715 767 750 di
778 727 795 750 e
806 716 929 751 ulam
945 714 1021 762 (ubi
1037 713 1084 750 ad
1101 714 1258 760 reyillam
1279 714 1392 760 notio,
1418 713 1466 750 ad
1482 715 1587 750 indu-

158 771 271 806 culam
294 771 415 807 forma
438 772 527 808 novi
549 771 703 808 nominis
728 771 899 817 adludit),
924 772 1034 807 Merc.
1058 771 1102 806 31
1129 772 1401 815 multiloquium.-
1419 783 1588 815 param·

161 827 352 872 loquium,
379 828 487 864 Truc.
504 828 576 864 422
601 832 705 864 tecum
737 839 843 873 usque
875 839 930 864 ero
953 829 1102 864 assiduo.
1151 827 1260 863 Immo
1283 827 1394 863 hercle
1417 838 1495 863 vero
1519 838 1584 863 ae-

160 884 295 921 cubuo
328 886 505 932 mavelim,
541 885 609 921 hoc
642 896 685 921 ea
721 884 900 921 sermonis
937 885 1057 921 forma
1090 896 1161 932 qua
1197 883 1278 920 Cas.
1303 884 1375 920 494
1410 885 1581 920 hordeias.

157 942 261 977 immo
285 942 546 992 tritieeias⁴
571 941 631 988 (cf.
657 941 705 977 ad
728 941 769 988 1.)
805 941 867 978 vel
903 941 1011 978 Most.
1037 942 1126 978 1031
1161 942 1329 986 numquid
1355 942 1486 977 Tranio
1512 944 1585 976 tur-

157 993 282 1034 bavit?
338 1000 449 1035 Immo
483 999 751 1035 exturbavit
798 1000 932 1042 omnia,
969 998 1092 1035 verbis
1126 998 1263 1046 partim
1297 997 1453 1034 ridicule
1486 997 1583 1034 fictis

157 1055 313 1102 partim,
340 1057 383 1091 ut
407 1055 446 1091 in
470 1055 723 1092 Mostellariae
747 1067 870 1098 versu,
896 1055 990 1091 alias
1015 1055 1152 1091 usitato
1177 1055 1216 1090 in
1240 1058 1379 1091 certam
1403 1054 1582 1101 significa-

155 1111 293 1148 tionem
318 1111 468 1149 deflexo.
532 1112 584 1149 sic
609 1111 718 1148 Truc.
743 1111 815 1148 489
836 1112 954 1157 pluris
977 1115 1026 1148 est
1050 1112 1206 1148 oculatus
1229 1112 1324 1148 testis
1356 1122 1449 1147 unus
1481 1122 1582 1156 quam

157 1169 305 1204 auriti
340 1170 469 1214 decem,
506 1169 638 1205 Pseud.
664 1169 732 1204 301
767 1181 836 1204 eme
868 1169 923 1205 die
954 1180 1050 1205 caeca
1079 1170 1187 1204 hercle
1210 1169 1351 1211 olivom,
1387 1169 1426 1203 id
1448 1169 1583 1204 vendito

157 1225 341 1260 oculata
372 1225 428 1260 die
452 1224 513 1272 (cf.
539 1224 586 1260 ad
609 1224 649 1271 1.)
661 1224 698 1269 ²).
743 1237 817 1261 non
841 1224 954 1261 aliter
979 1236 1086 1272 quam
1109 1223 1203 1260 illud
1226 1225 1421 1260 exturbavit
1446 1223 1583 1261 dictum

157 1281 267 1318 Most.
295 1281 389 1317 1112
412 1293 480 1318 non
503 1283 675 1318 radicitus
698 1283 833 1327 quidem
856 1282 984 1327 hercle,
1020 1294 1134 1317 verum
1159 1283 1261 1317 etiam
1285 1282 1584 1318 exradieitus.

157 1338 191 1374 si
214 1338 370 1374 Plautus
396 1338 609 1386 scripsisset
632 1338 765 1374 Pseud.
791 1338 882 1382 955,
919 1342 962 1374 ut
986 1338 1126 1374 codices
1164 1339 1264 1384 (ΛΡ)
1298 1338 1472 1382 tradunt,
1513 1349 1584 1373 non

151 1405 304 1440 prorsus
326 1406 445 1431 verum
470 1407 512 1431 ex
537 1399 732 1431 transverso
759 1396 866 1439 cedit,
905 1407 950 1431 ex
975 1394 1235 1431 consuetudine
1261 1394 1493 1442 scripsissem
1519 1393 1585 1431 sed

157 1451 328 1488 comicam
351 1451 560 1499 analogiam
584 1454 730 1488 secutus
756 1455 826 1497 est,
851 1453 895 1488 ut
914 1451 1095 1488 Varronis
1120 1451 1331 1488 testimonio
1356 1454 1582 1499 compertum

156 1509 329 1545 habemus
354 1508 534 1545 testantis
568 1513 607 1544 ut
638 1513 862 1545 transversus
885 1519 956 1544 uon
975 1520 1232 1553 proversus
1256 1509 1361 1555 cedit,
1394 1508 1440 1544 cf.
1466 1507 1581 1544 Solm-

157 1577 266 1602 senus
292 1565 388 1603 stud.
415 1565 461 1602 63
475 1578 527 1614 sq.
554 1565 726 1603 similiter
751 1567 795 1603 ut
819 1565 878 1602 hic
903 1565 1021 1614 specie
1045 1565 1178 1603 saltem
1208 1565 1257 1602 ad
1279 1565 1434 1602 formam
1458 1564 1511 1602 sic
1534 1564 1583 1602 ad

157 1623 344 1659 notionem
368 1623 475 1660 verbi
499 1635 640 1660 cascam
664 1626 702 1660 et
736 1622 951 1671 primariam
981 1622 1080 1659 redit
1114 1625 1269 1670 propter
1293 1622 1450 1670 figuram
1474 1622 1582 1670 Gapt.

156 1680 228 1715 898
251 1680 408 1724 spondeo.
446 1683 485 1715 at
507 1691 566 1725 eqo
589 1683 679 1716 tuom
703 1681 765 1715 tibi
780 1680 962 1715 advenisse
974 1680 1087 1724 filium
1110 1680 1371 1724 respondeo.
1409 1679 1457 1715 ad
1472 1678 1584 1715 istam

156 1736 314 1784 speciem
336 1736 630 1784 praepositiones
654 1737 771 1774 verba
796 1735 998 1783 composita
1026 1747 1123 1773 nova
1156 1735 1321 1772 efficiunt
1355 1748 1401 1772 ex
1434 1737 1579 1772 contra-

156 1793 291 1841 posito,
328 1795 372 1829 ut
396 1792 502 1840 Capt.
529 1793 600 1829 900
623 1794 704 1829 bene
728 1793 867 1829 ambula
891 1796 925 1827 et
946 1793 1202 1837 redambula,
1239 1792 1334 1828 Men.
1362 1792 1428 1828 191
1454 1793 1581 1828 indu-

156 1851 257 1886 viae
282 1853 361 1885 tuae
383 1853 485 1894 atque
508 1850 628 1885 uxoris
651 1850 815 1893 exuviae,
854 1847 987 1884 Afran.
1013 1849 1035 1884 5
1071 1849 1176 1885 simul
1210 1849 1311 1884 limen
1335 1849 1490 1893 intrabo,
1527 1848 1582 1883 illi

155 1906 344 1943 extrabant
365 1907 444 1942 ilieo
467 1905 586 1954 (velut
609 1905 779 1942 lumbrici
802 1904 968 1942 intrante
992 1904 1120 1953 talpa),
1145 1904 1207 1942 vel
1228 1904 1336 1942 iuxta
1359 1903 1491 1953 positis
1503 1932 1512 1951 ,
1537 1907 1581 1941 ut
1613 1927 1617 1932 ·

159 1963 262 2002 Trin.
287 1964 359 2000 344
383 1965 536 2000 deserere
559 1965 659 2000 illum
683 1968 716 2000 et
738 1964 951 2000 deiuvare
974 1964 1015 1999 in
1037 1964 1138 1999 rebus
1168 1963 1325 1999 advorsis
1355 1963 1478 2008 pudet,
1512 1961 1583 1998 406

156 2127 206 2152 sse
224 2119 359 2155 εἴποιεν,
388 2119 457 2149 inde
477 2119 630 2149 oraculum
651 2119 688 2148 de
707 2119 839 2149 Homero
860 2121 893 2147 ut
913 2117 993 2154 apud
1015 2117 1194 2147 Pausaniam
1221 2116 1332 2153 legitur
1360 2116 1401 2154 (X
1422 2118 1469 2154 24,
1482 2117 1500 2147 2
1519 2125 1580 2145 πα-

156 2166 248 2202 τρίδα
269 2167 390 2204 δίζηαι·
420 2166 528 2205 μητρὶς
548 2165 584 2196 δέ
602 2177 660 2204 τοι,
680 2167 717 2196 οὐ
739 2164 851 2203 πατρὶς
871 2162 968 2202 ἔστιν,
996 2173 1072 2202 quae
1093 2165 1192 2194 soluta
1212 2168 1242 2194 et
1261 2163 1442 2202 amplificata
1462 2169 1531 2194 sunt
1551 2165 1583 2194 in

161 2216 224 2245 vita
243 2215 425 2245 Plutarchea
454 2215 567 2254 μητρὸς
586 2214 621 2246 δέ
638 2226 686 2245 τοι
707 2215 743 2246 οὐ
762 2213 881 2251 πατρὸς
899 2211 961 2243 ἔστι
980 2211 1164 2251 μητρόπολις
1183 2222 1209 2243 e.
1222 2223 1249 2251 q.
1263 2222 1304 2250 s.,
1333 2215 1370 2243 Δ.
1390 2213 1424 2243 Ρ.
1444 2212 1513 2243 xlv
1534 2214 1583 2251 66,

160 2264 197 2294 cf.
218 2264 305 2294 Euat.
327 2265 365 2294 ad
386 2275 407 2294 α
428 2266 465 2295 58
484 2265 593 2303 μητρὶς
611 2265 861 2303 ποιητικώτερον,
882 2261 927 2293 ἔτι
948 2260 983 2292 δὲ
1001 2261 1021 2299 ἡ
1042 2260 1225 2300 μητρόπολις
1244 2261 1390 2301 κάλλιον).
1428 2271 1518 2292 unum
1537 2267 1583 2292 ta-

159 2321 227 2342 men
247 2314 406 2350 vestiginm
427 2314 563 2343 vocabuli
583 2315 614 2343 in
635 2315 746 2344 litteris
775 2316 846 2342 ante
866 2312 1021 2341 Platonem
1049 2316 1132 2341 extat
1157 2312 1188 2341 in
1208 2312 1297 2342 Photi
1321 2312 1423 2350 glossa
1448 2310 1581 2348 μητρίδα

158 2358 216 2397 τὴν
234 2360 372 2397 πατρίδα
402 2360 457 2390 καὶ
475 2360 606 2391 Πλάτων
635 2361 689 2391 καὶ
717 2358 917 2398 Φερεκράτης.
968 2359 1020 2390 sed
1047 2360 1243 2391 Pherecrates
1273 2369 1331 2399 qno
1358 2358 1447 2391 modo
1476 2358 1583 2390 luserit

157 2409 340 2446 ignoramus.

237 2458 266 2495 1)
287 2457 331 2488 Cf.
352 2457 465 2496 Porph.
486 2458 525 2488 ad
546 2459 620 2489 Hor.
640 2463 696 2489 sat.
718 2459 733 2488 1
756 2458 873 2495 6‚128.

233 2506 265 2545 2)
284 2505 400 2537 Novius
420 2515 446 2537 ν.
467 2508 485 2537 7
506 2506 549 2537 ad
567 2506 670 2545 lupam
689 2510 825 2537 nostram
842 2508 904 2536 tam
922 2506 1009 2537 multi
1027 2506 1126 2537 erebro
1144 2508 1318 2537 emnmetamt
1337 2505 1431 2544 lupi.
1487 2504 1585 2537 simle

155 2564 279 2587 acumen
298 2556 413 2587 habere
433 2556 552 2587 videtur
570 2556 703 2587 eiusdem
732 2566 759 2587 v.
781 2556 820 2586 22
838 2555 873 2585 in
896 2556 984 2586 molis
1002 2565 1065 2587 non
1084 2556 1194 2588 ludunt
1210 2556 1378 2595 raptim,
1404 2556 1476 2595 pila
1495 2555 1584 2587 data-

155 2604 270 2639 tim-
230 2621 279 2645 -,
299 2604 354 2637 sed
376 2613 433 2638 nee
451 2605 489 2637 de
508 2605 608 2638 verbis
627 2614 682 2637 nee
702 2605 740 2638 de
759 2605 910 2637 sententia
928 2609 1058 2637 constat.
