1782 2996
803 154 1036 193 -31-

216 251 306 289 talis
330 252 442 298 dictio
467 250 659 288 coniuncta
683 251 744 287 sit.
799 254 843 288 ut
866 250 1070 299 parasitum
1101 252 1295 298 rogantem
1318 263 1361 287 ne
1384 262 1422 287 se
1444 252 1635 287 incomitiet

216 308 404 357 trapezita
426 308 638 355 interrogat
662 307 768 345 Cure.
786 307 861 344 401
888 308 1010 344 licetne
1032 308 1251 353 inforare
1273 308 1306 344 si
1328 308 1545 344 incomitiare
1568 319 1639 344 non

219 365 340 412 licet?,
375 365 440 403 ille
464 364 663 414 respondet
686 376 759 402 non
784 365 952 411 inforabis
975 376 1027 401 me
1049 365 1195 411 quidem,
1220 376 1283 401 nec
1306 365 1391 401 mihi
1406 365 1524 410 placet
1546 368 1640 401 tuom

213 423 366 469 profecto
388 434 451 459 nec
480 423 594 468 forum
625 434 684 459 nec
718 423 907 466 comitium3
945 422 1054 459 Poen.
1080 422 1152 458 544
1185 423 1475 468 attrepidate
1508 422 1639 466 saltem,

216 491 300 516 nam
322 490 382 516 vos
404 479 636 525 adproperare
657 480 728 516 hau
747 480 882 524 postulo
906 478 967 525 (ef.
990 478 1038 515 ad
1053 479 1124 526 v.);
1152 478 1256 515 Cure.
1270 478 1340 515 232
1363 485 1557 524 supparum
1578 482 1640 515 aut

217 536 494 572 subnimium
519 536 654 584 (item);
679 535 860 573 Rud.422
883 536 1367 572 subvolturium—illud
1389 536 1534 581 quidem,
1559 535 1639 572 sub-

217 593 370 640 aquilum
393 593 486 631 volui
509 594 620 630 dicere
644 596 683 630 et
706 593 754 629 ad
777 592 980 630 volturium
1004 592 1149 629 adludit
1179 594 1218 629 et
1241 592 1290 629 ad
1312 592 1461 630 volendi
1484 593 1638 629 verbum

219 661 385 687 sermone
421 650 648 687 conformato
683 651 728 686 ut
750 648 891 686 Frivol.
926 649 1000 696 frg.
1025 650 1048 686 8
1078 653 1161 686 tunc
1188 650 1348 694 papillae
1363 650 1557 695 primulum
1579 660 1638 685 so-

218 708 315 744 rori
322 708 458 744 abant
473 728 519 735 ——
537 708 626 744 illud
647 707 742 743 volui
764 707 886 752 dicere,
908 707 1189 752 fraterculabant,
1215 706 1279 743 ubi
1303 706 1460 744 Verrius
1484 706 1638 743 Flaocus

218 764 433 812 explicando
458 764 592 800 comico
616 763 794 800 vocabulo
809 763 956 800 frustra
972 775 1120 810 operm
1136 763 1241 800 dedit
1257 764 1316 810 (ef.
1334 763 1383 799 ad
1397 763 1530 799 Pseud.
1543 763 1637 809 301).

217 819 274 857 his
298 820 388 857 loeis
413 820 493 858 fere
516 832 651 858 novum
673 820 825 857 verbum
848 819 1113 868 praemittitur,
1139 820 1230 857 item
1254 819 1417 857 fortasse
1442 819 1549 857 Cure.
1566 819 1637 857 463

218 878 458 926 (halapantam
482 882 544 914 aut
567 878 823 924 sucopantam),
860 877 950 914 item
973 877 1078 914 Cure.
1105 878 1177 914 660
1211 882 1249 914 tu
1272 882 1311 914 ut
1335 879 1433 923 hodie
1455 878 1640 913 adveniens

218 946 336 972 cenam
360 936 420 972 des
443 936 680 982 sororiam,
711 936 765 971 hic
788 935 979 981 nuptialem
1003 947 1082 972 cras
1105 936 1216 978 dabit,
1242 938 1281 972 et
1305 946 1399 984 quae
1423 933 1554 972 deiude
1577 933 1639 987 ad-

218 992 337 1030 feram
359 993 490 1030 Pseud.
517 993 609 1030 1237
633 993 727 1030 Men.
754 993 821 1029 191
834 993 882 1039 ¹);
918 1005 988 1041 quo
1014 993 1110 1041 quod
1134 992 1256 1030 oritur
1280 1005 1430 1031 acumen
1467 992 1638 1030 dictionis

219 1048 349 1085 differt
371 1061 395 1085 a
418 1050 528 1086 solito
552 1050 628 1094 illo,
654 1061 724 1097 quo
750 1049 855 1097 quasi
877 1049 1056 1097 pungitur
1080 1050 1142 1086 vel
1165 1050 1338 1097 pulsatur
1361 1062 1461 1086 mens
1488 1049 1638 1096 audien-

217 1105 279 1151 tis,
304 1118 385 1143 eum
408 1107 475 1143 hoe
498 1118 676 1155 suspensa
699 1108 872 1143 teneatur
896 1106 1165 1154 aliquantisper
1177 1107 1216 1153 2).
1271 1106 1317 1156 de
1342 1106 1444 1143 Trin.
1469 1106 1542 1143 820
1565 1107 1638 1143 sal-

216 1164 378 1207 sipotenti
401 1167 432 1198 et
455 1164 688 1207 mulsipotenti
712 1163 957 1199 Buechelerus
983 1163 1088 1207 dixit,
1114 1163 1227 1198 etiam
1243 1162 1290 1198 ad
1307 1174 1416 1199 carm.
1433 1163 1500 1199 lat.
1518 1163 1634 1210 epigr.

216 1218 297 1264 318,
310 1218 335 1254 4
359 1218 476 1266 (Salsa
500 1219 632 1255 dulcior
655 1218 806 1266 nectare)
832 1217 992 1255 eiusdem
1015 1218 1157 1266 figurae
1181 1218 1379 1255 admonuit.
1436 1218 1541 1255 Cure.
1566 1219 1637 1255 286

216 1287 278 1313 nec
300 1277 503 1312 demarchus
525 1287 587 1312 nec
610 1276 809 1312 comarchus
833 1273 993 1312 alterum
1015 1288 1146 1313 nomen
1176 1276 1328 1313 auribus
1346 1275 1529 1321 inservit,
1563 1287 1639 1313 non

218 1332 434 1369 sententiae.
493 1332 583 1369 haee
618 1332 667 1368 ad
700 1334 851 1379 etymon
881 1332 1090 1380 pertinent;
1128 1332 1230 1368 Trin.
1254 1332 1349 1368 1014
1381 1333 1639 1377 thermopotasti

217 1402 289 1427 non
312 1389 497 1439 posuisset
520 1389 677 1427 Plautus
701 1389 774 1427 nisi
797 1389 1033 1427 antecederet
1063 1390 1321 1436 thermipolium.
1383 1389 1448 1427 sed
1479 1389 1637 1439 plerum-

219 1460 299 1495 que,
323 1450 367 1484 ut
382 1447 484 1483 Trin.
498 1448 570 1484 820
593 1450 633 1484 et
657 1447 750 1483 alias
774 1447 914 1483 factum
937 1447 1104 1492 vidimus,
1130 1448 1169 1483 in
1193 1460 1235 1484 eo
1259 1448 1400 1494 figurae
1423 1448 1635 1495 proprietas

218 1502 343 1552 posita
366 1505 442 1549 est,
468 1505 512 1540 ut
534 1503 695 1540 notionis
720 1503 928 1540 contrariae
952 1503 1131 1540 voeabula
1153 1505 1342 1541 vetustum
1357 1515 1401 1540 ae
1416 1516 1551 1541 novum
1566 1504 1639 1540 sibi

219 1563 451 1609 opponantur
460 1559 490 1608 ⁸)
523 1563 589 1598 aut
621 1562 722 1598 certe
751 1572 819 1609 per
851 1559 1035 1597 enuntiati
1057 1560 1253 1597 formulam
1276 1560 1466 1598 contraria
1489 1560 1561 1598 sibi
1584 1561 1638 1599 vi-

216 1641 328 1711 tisper?
367 1642 504 1703 videatur
523 1642 573 1703 hie
592 1677 694 1703 natum
714 1681 781 1703 esse
801 1673 976 1712 quantisper
995 1673 1170 1704 vocabulum
1190 1674 1348 1711 comicum,
1380 1674 1433 1704 sed
1455 1675 1636 1713 Pomponius

219 1731 244 1751 v.
263 1724 302 1751 43
321 1722 491 1759 (utrumque
510 1722 607 1753 locum
626 1722 743 1752 Nonius
764 1723 820 1753 511
841 1722 955 1761 adfert)
974 1722 1077 1752 eodem
1097 1722 1184 1753 modo
1207 1732 1333 1761 possum
1352 1733 1474 1754 exorare
1492 1728 1521 1754 te
1539 1728 1574 1755 ut
1591 1734 1636 1755 re-

218 1768 307 1799 cedas
326 1778 347 1799 a
364 1777 410 1799 me
426 1770 583 1807 paulisper
602 1769 713 1799 modo?
752 1770 926 1807 insequente
946 1770 1042 1800 altero
1063 1770 1259 1808 quantisper?
1299 1772 1459 1809 utrubique
1477 1772 1556 1801 idem
1576 1772 1637 1802 fac-

217 1822 281 1848 tum
305 1826 372 1848 esse
398 1822 518 1856 potest,
548 1822 649 1856 potest
669 1818 849 1856 Pomponius
873 1818 1033 1849 Caecilium
1052 1819 1187 1849 imitatus
1207 1827 1281 1849 esse.
1318 1820 1462 1849 usitatum
1480 1820 1635 1859 tantisper.

217 1867 290 1897 item
309 1866 456 1897 Caecilius
476 1876 504 1897 v.
523 1868 561 1898 62
582 1867 656 1905 quid
673 1867 728 1897 tibi
747 1867 939 1905 aucupet-'ost
958 1871 1161 1906 mammam
1181 1872 1236 1898 aut
1254 1868 1291 1898 de
1308 1877 1372 1899 meo
1398 1877 1497 1899 amore
1520 1870 1635 1910 oen-bifi-

218 1915 324 1946 cauca
344 1915 454 1953 pau-i?
484 1916 571 1953 quasi
599 1925 619 1946 a
645 1915 844 1946 verbifleaudo
864 1917 1056 1954 partieipiale
1073 1917 1252 1947 assimilavit
1278 1918 1375 1948 alteri.
1425 1917 1504 1948 idem
1531 1927 1559 1948 v.
1580 1919 1637 1948 116

216 1964 252 1994 in
270 1967 324 1995 mo
341 1964 458 1995 eonon.-
479 1964 603 1995 decolles
621 1973 692 1995 cave
709 1964 836 1995 ridicule
855 1966 941 2003 quasi
960 1965 998 1996 de
1018 1965 1096 1996 eollo
1116 1966 1233 2004 demas,
1261 1975 1327 1996 eum
1346 1967 1470 1997 verbum
1489 1966 1637 2005 significet

218 2013 327 2044 collum
343 2012 461 2044 demere
479 2014 580 2052 potius
599 2013 709 2052 (Diom.
729 2022 758 2052 p.
769 2014 827 2045 865
839 2013 895 2045 K:
916 2023 975 2053 quo
996 2022 1085 2045 seusu
1104 2014 1238 2045 Lucilius
1258 2015 1366 2046 luserit
1385 2014 1459 2046 8711»
1478 2015 1635 2055 incertum,

217 2062 256 2093 de
274 2062 375 2093 Plauti
394 2063 492 2094 verbis
513 2063 598 2101 Gapt.
619 2064 676 2093 497
696 2067 780 2094 errat
799 2064 1032 2103 grammaticus).

300 2112 328 2149 l)
348 2112 439 2142 Titin.
462 2113 475 2142 1
496 2112 659 2142 inauratae
686 2116 776 2149 atque
800 2112 939 2143 inlautae
967 2113 1103 2143 mulieres
1133 2113 1212 2151 quod
1240 2114 1395 2144 inauratas
1421 2123 1481 2144 non
1510 2118 1634 2145 auratas

217 2160 276 2198 (Pl.
294 2159 384 2197 Epio.
405 2160 463 2190 222
489 2160 570 2190 Men.
590 2160 661 2199 801)
690 2160 778 2197 dicit,
807 2160 838 2190 id
865 2165 990 2198 propter
1009 2170 1135 2199 sequens
1153 2162 1292 2192 inlautae
1318 2162 1425 2192 fecisse
1449 2162 1567 2193 videtur
1586 2172 1636 2194 oo-

218 2208 303 2239 mice.
341 2207 419 2238 idem
438 2218 465 2239 v.
479 2209 533 2238 117
554 2208 640 2247 (itum
657 2211 771 2247 qen-m
790 2209 942 2248 amictum)
962 2210 1061 2248 posuit
1080 2210 1155 2240 itum
1175 2215 1209 2241 ut
1228 2211 1260 2241 in
1278 2211 1325 2241 itu
1343 2210 1441 2242 reditu
1461 2212 1527 2242 fieri
1547 2212 1636 2243 solet.

296 2256 328 2295 2)
348 2255 462 2287 Similis
481 2257 601 2294 generis
621 2257 738 2294 aliquot
758 2257 896 2295 exempla
915 2258 984 2288 dedi
1003 2258 1033 2288 iu
1053 2258 1220 2289 Woelfflini
1240 2259 1337 2289 archii
1356 2259 1399 2289 IX
1421 2261 1486 2290 163.

295 2306 328 2344 8)
348 2304 414 2336 Hoc
441 2305 529 2336 modo
557 2306 665 2344 μητρίς
693 2305 725 2335 ἰιι
749 2306 868 2336 litteras
897 2315 1021 2344 graecas
1051 2308 1151 2346 venit,
1181 2308 1298 2338 etiamsi
1317 2308 1508 2338 Cretensibus
1528 2309 1560 2338 in
1579 2317 1636 2340 nsu

218 2353 311 2384 fuerit
330 2356 400 2384 ante
419 2354 582 2385 Platonem.
633 2355 684 2392 qni
704 2354 783 2392 quod
802 2355 879 2384 dixit
898 2355 936 2385 de
955 2364 1017 2394 rep.
1038 2357 1095 2386 575
1106 2356 1134 2386 D
1162 2355 1261 2394 ὥσπερ
1280 2355 1348 2386 τότε
1366 2355 1482 2394 μητέρα
1501 2356 1556 2386 καὶ
1574 2366 1636 2387 κα-

217 2399 291 2440 cion
310 2399 460 2440 ἐκόλαζεν,
487 2398 566 2433 οὕτω
584 2401 680 2433 πάλιν
699 2402 757 2441 τὴν
775 2404 922 2441 πατρίδα,
949 2402 1006 2434 ἐὰν
1024 2402 1090 2438 οἷός
1109 2403 1140 2434 τ’
1163 2400 1191 2444 ᾖ,
1220 2404 1381 2435 κολάσεται
1400 2402 1637 2444 ἐπεισαγόμενος

219 2448 308 2485 νέους
327 2447 483 2490 ἑταίρους,
511 2451 566 2482 καὶ
585 2451 646 2482 ὑπὸ
672 2450 792 2487 τοῦτοις
812 2451 851 2490 δὴ
879 2452 1085 2483 δουλεύουσαν
1111 2452 1168 2492 τὴν
1193 2453 1291 2484 πάλαι
1320 2454 1414 2492 manu
1440 2455 1573 2493 μητρίδα
1592 2465 1635 2493 τε,

217 2497 335 2537 Κρῆτές
354 2509 448 2538 φασι,
474 2499 529 2530 καὶ
553 2501 690 2538 πατρίδα
709 2499 770 2537 ἕξει
788 2510 822 2530 τε
843 2500 898 2531 καὶ
916 2500 1046 2541 θρέψει,
1075 2502 1145 2532 inde
1171 2508 1201 2533 et
1222 2504 1401 2533 Plutarchus
1427 2505 1555 2541 sumpsit
1584 2505 1636 2542 (an

217 2547 289 2578 seui
308 2556 388 2586 resp.
409 2557 471 2586 ger.
491 2549 532 2580 sit
552 2550 609 2580 ⁷92
616 2549 657 2589 Ε)
676 2548 697 2588 ἡ
715 2548 826 2588 mole
852 2548 907 2581 καὶ
932 2551 1048 2590 maie,
1067 2550 1108 2585 ὡς
1127 2552 1243 2590 Κρῆτες
1270 2552 1416 2583 καλοῦσιν
1443 2556 1474 2583 et
1492 2552 1635 2591 Sym-ius

219 2603 267 2638 ep.
286 2596 334 2637 et,
352 2596 403 2629 hio
421 2597 540 2640 quidem
558 2598 660 2640 patria
678 2599 790 2632 omissa
808 2599 947 2633 matrim
966 2599 1133 2642 appellans,
1151 2603 1207 2642 τῆς
1225 2610 1260 2642 γε
1278 2601 1434 2644 meldos,
1453 2598 1636 2643 ὁςᾶσῐρθ-
