1782 2996
800 129 1035 165 —29-

209 222 286 261 ullo
310 227 376 261 aut
400 235 566 260 sermone
590 227 656 260 aut
680 225 846 271 tempore
869 222 965 259 talia
980 223 1041 259 vel
1055 223 1135 259 ioco
1155 222 1217 259 vel
1233 222 1329 258 serio
1346 221 1496 273 prolata
1511 220 1633 257 aliena

210 282 308 318 sunt.
348 292 440 329 puer
456 279 696 328 Pompeianus
721 279 885 327 ascripto
910 278 950 314 in
973 279 1116 327 pariete
1141 279 1387 314 inclinabiliter
1411 277 1631 325 subscripsit

210 338 495 375 ceventinabiliter
519 337 641 385 (carm.
666 337 733 375 lat.
759 336 876 385 epigr.
902 336 990 381 356,’
1009 336 1054 372 cf.
1080 349 1114 384 p.
1132 336 1237 383 855),
1275 335 1403 372 Cicero
1429 334 1477 371 ad
1500 334 1584 371 Att.
1609 334 1630 369 Ι

211 395 268 438 16,
286 394 331 429 13
354 405 461 438 quare
492 398 532 429 ut
561 394 683 437 opinor
719 391 990 439 φιλοσοφητέον
1024 396 1055 427 et
1085 393 1169 427 istos
1201 393 1398 426 consulatus
1432 403 1502 425 non
1531 392 1629 433 flocci

208 450 353 495 faeteon,
378 448 557 486 Laberius
583 448 695 496 (quod
717 447 865 485 notavit
881 446 1051 494 Nigidius
1076 447 1175 495 apud
1192 446 1352 484 Gellium
1368 446 1429 482 III
1453 446 1513 493 12>
1536 459 1571 483 v.
1585 446 1633 482 80

210 518 279 543 non
295 518 491 551 mammosa,
518 518 586 541 non
603 517 745 551 annosa,
770 517 838 541 non
857 505 1009 549 bibosa,
1034 517 1105 540 non
1124 516 1267 549 procax,
1292 504 1331 539 in
1355 504 1533 540 Atellana
1557 504 1632 540 No-

210 561 292 599 vius
318 562 367 609 (v.
393 562 453 610 35)
470 562 716 607 paenularium
740 560 849 597 finxit
874 560 1068 596 secundm
1092 560 1289 607 ζωνᾶριον;
1323 560 1419 597 idem
1443 574 1477 597 v.
1502 561 1549 596 43
1572 572 1631 596 su-

207 619 320 664 pellex
342 620 450 655 multa
473 631 558 664 quae
581 630 654 654 non
678 620 841 660 utitur,
866 618 989 653 emitur
1013 621 1135 653 tamen.
1170 617 1223 652 sic
1240 616 1418 653 Caecilius
1434 617 1483 664 (v.
1502 617 1539 664 5)
1562 619 1632 653 vol-

210 676 268 721 tis,
294 679 459 721 emptast5
493 676 608 720 noltis,
632 685 704 710 non
728 676 875 720 emptast
887 673 913 721 1)
941 675 994 719 et,
1020 676 1062 711 ut
1086 673 1132 710 de
1157 674 1354 713 verborum
1377 673 1632 721 coniugatione

209 732 385 769 nonnulla
408 732 539 769 addam
562 745 637 768 non
660 734 817 779 propter
840 731 957 767 iocum
987 731 1157 778 prolata,
1196 731 1376 778 Apuleius
1401 735 1545 768 metam.
1570 731 1631 767 ΠΙ

211 789 257 825 12
280 800 341 825 nec
364 790 423 835 qui
446 789 596 834 laverim,
622 790 683 834 qui
707 789 932 831 terserim,
956 789 1016 833 qui
1031 789 1167 824 domum
1187 799 1315 823 rursus
1331 789 1526 824 reverterim
1544 800 1633 832 prae

209 847 332 882 rubore
354 847 493 882 memini
515 846 577 883 vel
602 846 658 883 VI
681 845 728 881 29
752 848 784 881 et
807 845 979 881 Phrixum
1004 847 1105 881 arieti
1138 849 1381 890 supernatasse.
1411 849 1443 881 et
1466 846 1633 881 Arionem

209 902 408 947 delphinum
428 903 640 948 yubernasse
655 906 686 938 et
700 902 880 946 Europam
902 905 1002 937 tauro
1026 903 1367 946 supereubasse.
1403 914 1534 938 nomen
1550 914 1631 938 ver-

210 958 293 996 bale
325 959 479 996 novavit
502 959 666 997 Naevius
690 959 729 995 in
762 958 974 1006 tragoedia,
1012 961 1055 995 ut
1088 958 1362 996 substantivum
1395 958 1630 996 substantivo

211 1018 429 1064 opponeret,
466 1029 500 1054 v,
525 1016 571 1052 23
596 1017 730 1062 inqenio
753 1016 897 1052 arbusta
921 1016 979 1051 ubi
1002 1020 1087 1051 nala
1111 1020 1214 1059 sunt,
1251 1027 1322 1052 non
1347 1016 1497 1052 obsitu
1532 1018 1630 1062 (nam

211 1072 264 1108 sic
286 1072 325 1108 in
347 1073 547 1109 Harleiano
573 1076 611 1109 et
635 1072 718 1108 aliis
742 1074 844 1108 reete
869 1071 1050 1108 traditum
1074 1084 1154 1108 esse
1174 1072 1343 1108 existimo
1355 1073 1409 1118 ἰ)).
1450 1072 1551 1108 ouius
1567 1085 1630 1120 ge-

209 1128 310 1165 neris
343 1129 460 1166 multa
482 1129 677 1165 Nordenus
712 1128 907 1175 congessit.
967 1128 1091 1164 eodem
1123 1128 1290 1175 pertinet
1322 1141 1453 1165 nomen
1484 1128 1629 1176 plurale

208 1185 347 1233 plurali
370 1185 580 1234 adiunctum
602 1198 671 1233 pro
695 1184 895 1232 singulari,
932 1187 975 1221 ut
999 1184 1038 1220 in
1070 1184 1148 1221 illis
1174 1185 1303 1222 Plauti
1333 1187 1474 1221 summis
1510 1187 1629 1230 opibus

209 1246 310 1287 atque
331 1243 517 1278 industriis
542 1242 666 1288 (Most.
681 1242 778 1287 348),
803 1253 948 1286 quorum
972 1242 1100 1277 animis
1125 1243 1240 1277 avidis
1263 1245 1363 1287 atque
1378 1243 1630 1278 insatietatibus

210 1298 311 1346 (Aul.
335 1298 407 1335 478
415 1298 468 1346 ⁸)),
492 1298 652 1346 itemque
676 1298 830 1335 Hesiodi
855 1310 910 1345 op.
939 1298 986 1334 30
1010 1299 1085 1345 ὥρη
1109 1298 1178 1344 γάρ
1203 1298 1230 1334 τ’
1258 1299 1362 1345 ὀλίγη
1388 1299 1533 1335 πέλεται
1556 1312 1630 1335 νει-

209 1354 303 1391 κέων
327 1355 356 1391 τ’
382 1354 546 1401 ἀγορέων
569 1368 618 1391 τε.
656 1354 721 1392 sed
745 1354 884 1403 species
907 1354 1061 1391 maxime
1086 1355 1221 1391 comica
1244 1358 1303 1392 est
1326 1368 1400 1403 qua
1414 1355 1631 1393 vocabulum

210 1411 470 1448 terminatione
495 1411 609 1448 alteri
632 1411 860 1448 assimilatur
895 1413 939 1448 ut
970 1413 1035 1447 aut
1068 1424 1203 1448 novum
1234 1412 1380 1449 oriatur
1414 1412 1630 1450 vocabulum

209 1470 294 1515 aut,
331 1470 375 1505 ut
397 1468 437 1505 in
459 1468 536 1505 illis
557 1469 689 1514 faeteon
715 1471 754 1505 et
778 1469 1074 1513 ceventinabiliter,
1112 1470 1258 1505 tantum
1281 1469 1542 1506 terminatione
1566 1482 1629 1506 no-

208 1537 305 1563 vum.
346 1525 391 1562 de
416 1537 488 1573 qua
511 1525 630 1573 specie
654 1525 777 1562 monui
797 1524 885 1561 olim
908 1525 948 1561 in
965 1525 1133 1562 vindiciis
1148 1525 1332 1563 Plautinis
1350 1527 1399 1575 (p.
1412 1527 1462 1574 8),
1487 1526 1629 1563 scilicet

209 1582 258 1619 ad
280 1582 487 1630 analogiam
511 1582 728 1619 deminutivi
750 1582 906 1619 nominis
938 1582 1035 1630 quod
1065 1586 1123 1619 est
1140 1583 1341 1627 ploratillus
1365 1583 1539 1620 Plautum
1562 1583 1628 1619 fin-

209 1639 308 1676 xisse
331 1640 576 1676 verberetillum
609 1639 649 1675 in
672 1639 840 1676 versibus
866 1652 1031 1676 sermone
1055 1639 1256 1687 diligenter
1280 1640 1492 1689 exaequatis
1516 1639 1626 1677 Poen.

209 1697 279 1733 377
293 1708 346 1744 sq.
360 1710 368 1733 τ
734 1708 737 1710 ’
1508 1698 1513 1699 ’

301 1769 375 1805 iam
398 1768 519 1805 hercle
544 1781 611 1816 ego
636 1768 768 1805 faciam
790 1768 1035 1817 ploratillum,
1060 1768 1133 1805 nisi
1155 1773 1195 1806 te
1219 1769 1314 1806 facio
1338 1769 1553 1817 propitiam,

301 1829 413 1874 atque
437 1826 497 1863 hic
519 1838 564 1863 ne
587 1825 660 1874 (in)
683 1838 740 1863 me
764 1826 1042 1864 verberetillum
1065 1826 1191 1872 faciat,
1216 1827 1289 1864 nisi
1311 1829 1351 1864 te
1374 1827 1554 1875 propitio,

247 1913 252 1917 .
302 1883 397 1921 male
422 1883 599 1921 formido:
625 1884 713 1922 novi
736 1895 804 1931 ego
831 1883 938 1921 huius
963 1895 1081 1920 mores
1106 1884 1244 1921 morosi
1266 1883 1393 1921 malos.

287 2025 317 2064 1)
337 2025 382 2056 De
401 2034 459 2063 quo
479 2029 562 2056 recte
581 2025 724 2056 iudicavit
743 2025 914 2056 Solmsenus
931 2025 1010 2056 stud.
1031 2025 1085 2063 54,
1112 2024 1149 2056 de
1167 2025 1263 2057 Novio
1283 2028 1313 2056 et
1332 2024 1421 2055 titulo
1443 2024 1624 2063 Pompeiano

207 2074 389 2106 Ribbeckius
419 2079 449 2104 et
469 2074 668 2105 Buechelerus
695 2075 758 2105 suis
783 2075 867 2105 locis.
887 2091 925 2097 —-
955 2076 1054 2105 iocose
1084 2078 1197 2105 mutuet
1220 2084 1280 2104 nou
1308 2077 1458 2104 mutuetur
1477 2074 1624 2104 Caecilius

208 2133 235 2153 v.
258 2125 291 2152 11
313 2122 356 2152 ad
374 2122 485 2152 amieos
503 2126 600 2152 curret
619 2125 796 2152 mutuatum.
836 2123 958 2152 Mutuet
975 2131 1040 2152 mea
1059 2131 1168 2161 causa;
1195 2123 1348 2160 Turpilius
1370 2124 1425 2151 157
1444 2122 1574 2151 sortasse
1593 2125 1628 2151 ut

203 2180 266 2210 par
285 2174 328 2201 est
347 2179 456 2209 aspare
473 2171 617 2208 malitiis,
648 2171 726 2200 idem
747 2172 803 2201 173
823 2170 895 2200 dum
913 2179 965 2209 eqo
982 2170 1082 2201 conisi
1103 2179 1221 2209 somno,
1241 2171 1290 2201 hic
1308 2170 1367 2201 sibi
1381 2169 1537 2208 prospexit
1554 2170 1627 2209 111·ςί-

208 2221 278 2251 lam
295 2219 437 2258 viryinem
457 2219 556 2249 forma
576 2219 714 2256 praelata
733 2223 860 2256 propter
879 2228 992 2249 sonum.

289 2268 321 2307 2)
341 2268 435 2298 Recte
453 2267 613 2305 Langenus
641 2267 803 2305 explicavit
832 2267 912 2305 quod
933 2268 1070 2298 Valerius
1098 2268 1222 2298 Flaccus
1241 2268 1285 2297 IV
1305 2268 1362 2297 715
1394 2267 1495 2304 posuit
1523 2269 1628 2297 tantae

209 2317 345 2357 quamvis
368 2316 590 2357 Tyrrhenus
609 2320 636 2348 et
655 2316 758 2356 Aegon
776 2317 875 2347 volvat
895 2326 1007 2356 aquam
1028 2326 1095 2347 nam
1116 2320 1229 2355 quanto
1245 2316 1368 2353 fronitu
1387 2324 1418 2346 se
1436 2316 1559 2346 sustulit
1567 2316 1627 2346 Ae-

204 2376 266 2407 ,ᾳοη
294 2367 386 2398 etiam
406 2367 421 2396 1
440 2367 507 2396 629*
528 2366 638 2403 legitur
666 2370 696 2396 et
725 2366 757 2395 iu
787 2366 1002 2404 epigrammate
1031 2366 1153 2396 Lucillii
1187 2366 1235 2404 (A.
1245 2366 1280 2395 P.
1299 2366 1342 2396 xl
1369 2365 1441 2403 247)
1470 2365 1626 2395 ἀντλεῖται

208 2414 241 2446 δ’
258 2414 387 2453 Ἀδρίας,
410 2413 609 2452 Τυρρηνικὸς,
624 2413 778 2452 Ἰατρικὸς,
797 2414 908 2452 Αἴγων,
929 2415 982 2445 sed
994 2414 1132 2445 Valerius
1150 2418 1276 2452 propter
1295 2415 1448 2451 Aegouem
1467 2421 1558 2444 ausus
1579 2417 1626 2443 est

207 2465 300 2500 etium
318 2463 504 2503 Tyrrhenum
526 2463 626 2494 dicere
647 2468 677 2494 et
696 2463 872 2502 praeposito
892 2464 1026 2503 quidem,
1057 2472 1115 2503 quo
1136 2464 1279 2495 audacior
1304 2462 1401 2501 figura
1419 2461 1520 2500 fieret.
1549 2470 1626 2494 novo

207 2513 300 2546 muris
320 2512 457 2550 nomine3
477 2520 537 2551 qua
556 2512 594 2542 de
613 2521 647 2543 re
666 2511 747 2543 infra
765 2512 871 2543 dicam.

283 2560 315 2601 8)
335 2559 379 2591 Cf.
400 2560 440 2592 nd
458 2560 541 2591 Pers.
562 2560 631 2592 ⁷58.
