1782 2988
737 169 973 205 -16-

135 261 361 308 prooemium
385 263 444 297 est
469 261 717 309 captationem
752 262 1029 299 benevolentiae
1064 261 1253 298 continens
1279 263 1401 309 (1-3)
1441 265 1481 300 et
1507 276 1570 300 ex·

135 317 319 366 positione
354 317 430 363 rei,
470 317 516 355 de
540 331 613 367 qua
637 330 855 366 cognoscere
879 319 1034 364 debent,
1069 318 1207 356 iudices
1233 321 1399 357 attentos
1424 320 1564 357 faciens

138 374 199 420 (cf.
225 375 351 419 Quint.
377 375 435 411 IV
461 375 494 418 1,
512 375 574 421 34)
598 388 676 411 cum
701 377 942 422 transgressu
966 377 1015 420 (v.
1033 376 1072 420 8)
1097 378 1250 412 cavente
1274 389 1320 412 ne
1344 377 1502 423 abrupte
1528 377 1568 412 in

140 430 394 467 narrationem
418 434 549 467 orator
574 431 682 468 cadat
708 431 849 477 (Quint.
875 432 895 477 ξ
919 431 990 478 79).
1041 431 1209 480 sequitur
1234 432 1420 469 narratio:

282 513 484 548 Menander
509 513 600 549 fecit
623 513 805 549 Andriam
829 516 868 550 et
891 513 1139 558 Perinthiam;

284 569 345 618 qui
369 569 603 607 utramvis
628 571 729 607 recte
753 569 903 615 norit,
929 570 1085 606 ambas
1111 570 1325 616 noverit,
1523 575 1566 606 10

280 627 336 664 ita
359 640 450 663 non
468 629 562 668 ,sunt
586 627 820 664 dissimili
845 630 1078 675 argumento,
1105 627 1170 664 sed
1193 629 1317 665 tamen

281 683 517 718 dissimili
541 683 708 720 oratione
734 686 822 720 sunt
845 684 965 720 factae
990 695 1033 719 ac
1057 684 1166 719 stilo:

283 751 376 787 quae
400 751 604 776 convenere
628 740 666 775 in
688 739 871 776 Andriam
895 752 939 776 ex
963 739 1157 777 Perinthia

283 796 428 831 fatetur
452 796 691 832 transtulisse
717 799 830 843 atque
854 809 958 832 usum
981 809 1049 843 pro
1074 797 1161 832 suis.

284 851 324 888 id
347 851 414 888 isti
438 851 656 900 vituperant
680 851 821 889 factum
843 856 954 901 atque
979 852 1018 888 in
1041 865 1083 889 eo
1109 852 1302 901 disputant
1523 857 1565 888 15

286 908 529 946 contaminari
553 922 626 946 non
649 909 779 946 decere
803 909 959 946 fabulas.

139 989 273 1023 narrat
290 986 448 1022 dilucide
473 989 649 1034 quantum
673 987 767 1023 satis
794 990 863 1033 est,
888 987 1068 1035 bipertita
1084 988 1323 1035 expositione,
1348 992 1391 1025 ut
1408 988 1564 1036 primum

139 1044 227 1092 quid
261 1043 394 1080 fecerit
430 1043 530 1080 dicat
566 1043 779 1092 praemissis
811 1044 940 1092 quibus
975 1044 1023 1080 ad
1054 1044 1340 1092 intellegendum
1375 1058 1464 1093 opus
1502 1045 1564 1091 sit,

140 1100 271 1137 deinde
296 1100 443 1148 (15.16)
469 1100 557 1148 quid
572 1100 612 1136 in
628 1101 884 1137 controversia
901 1101 961 1138 sit.
1001 1101 1178 1149 sequitur,
1205 1101 1374 1150 quoniam
1402 1102 1565 1139 defensio

143 1160 202 1194 est
227 1169 335 1205 quam
359 1157 482 1202 habet,
508 1157 708 1193 refutatio:

280 1229 469 1267 faciantne
494 1229 832 1277 intellegendo,
857 1233 900 1267 ut
924 1230 977 1266 nil
1001 1230 1320 1278 intellegant?

283 1287 348 1335 qui
371 1299 452 1323 cum
476 1287 571 1323 hunc
595 1298 617 1323 a
625 1298 644 1323 c
652 1299 671 1323 c
678 1300 702 1322 11
711 1299 727 1323 s
737 1299 760 1323 a
768 1300 793 1323 n
801 1290 829 1331 t,
855 1287 1036 1324 Naevium
1059 1287 1232 1325 Plautum
1255 1288 1413 1325 Ennium

281 1355 304 1380 a
311 1356 331 1380 c
338 1356 358 1380 c
364 1356 390 1379 u
398 1356 416 1380 s
426 1355 449 1380 a
457 1356 482 1379 n
490 1345 509 1380 t
518 1372 526 1389 ‚
553 1356 643 1391 quos
668 1343 727 1380 hic
750 1345 881 1380 noster
906 1347 1076 1381 auctores
1101 1344 1227 1389 habet,

281 1413 436 1448 quorum
460 1400 639 1436 aemulari
663 1402 819 1448 exoptat
842 1413 867 1436 n
877 1412 896 1437 e
907 1401 955 1447 gl
965 1413 984 1437 e
992 1413 1018 1447 g
1026 1413 1045 1437 e
1053 1413 1079 1436 n
1086 1403 1104 1437 t
1112 1401 1126 1436 i
1134 1413 1157 1437 a
1165 1413 1201 1436 m
1520 1406 1563 1436 20

279 1457 404 1504 potius
430 1468 538 1504 quam
561 1456 719 1493 istorum
744 1458 937 1493 obscuram
960 1457 985 1492 d
994 1457 1008 1492 i
1016 1457 1051 1492 li
1059 1469 1086 1504 g
1095 1470 1114 1493 e
1123 1470 1148 1493 n
1156 1459 1175 1493 t
1183 1457 1197 1493 i
1206 1469 1229 1493 a
1236 1470 1282 1493 m.

141 1548 249 1584 quam
291 1535 556 1573 refutationem
592 1538 722 1573 orator
759 1535 944 1573 concludit
979 1535 1279 1583 ἄντικατηγορίαν
1317 1549 1390 1573 11011
1425 1537 1562 1574 faciens

140 1593 285 1642 quidem
309 1593 375 1629 sed
399 1592 639 1630 comminans:

282 1672 413 1708 dehinc
435 1676 479 1708 ut
504 1672 693 1719 quiescant
717 1684 831 1719 porro
855 1683 982 1708 moneo
1008 1674 1047 1708 et
1071 1671 1241 1708 desinant

282 1729 398 1765 male
423 1728 604 1774 dicere,
638 1728 756 1765 male
781 1728 912 1765 facta
934 1741 980 1765 ne
1005 1730 1158 1765 noscant
1182 1740 1258 1765 sua.

142 1802 274 1850 quibus
300 1802 428 1838 statim
452 1802 667 1849 adiungitur
691 1801 882 1849 peroratio
917 1801 1081 1838 favorem
1113 1803 1289 1849 expetens
1322 1805 1361 1839 et
1394 1802 1565 1839 iniuriam

140 1858 361 1907 deprecans:

280 1938 416 1983 favete,
441 1936 570 1974 adeste
594 1949 709 1986 aequo
735 1936 855 1973 animo
882 1940 921 1973 et
944 1949 1024 1974 rem
1046 1949 1066 1973 c
1076 1949 1097 1974 o
1105 1949 1131 1984 g
1139 1949 1165 1973 n
1173 1949 1194 1974 ο
1203 1949 1220 1974 s
1229 1937 1295 1974 cit
1305 1950 1335 1983 e,

281 1997 326 2031 ut
349 2007 373 2042 p
384 1994 652 2031 ernoscatis
676 1993 806 2042 ecquid
830 1993 908 2041 spei
932 1994 983 2031 sit
1006 1994 1200 2040 relicuom,
1519 1998 1562 2029 25

281 2051 435 2101 posthac
459 2063 549 2101 quas
574 2051 688 2089 faciet
712 2051 758 2089 de
782 2050 928 2100 integro
954 2051 1155 2090 comoedias

282 2122 359 2158 spe
370 2109 572 2146 ctandae
596 2121 644 2146 an
668 2108 931 2156 exigendae
956 2109 1032 2146 sint
1055 2109 1161 2146 vobis
1184 2109 1300 2157 prius.

138 2188 307 2237 perfecta
331 2188 501 2236 partibus
527 2188 603 2224 suis
629 2187 861 2225 oratiuncula
885 2189 962 2233 est,
988 2188 1036 2224 ad
1059 2187 1227 2234 regulam
1251 2190 1290 2223 et
1310 2198 1356 2223 ex
1372 2186 1565 2234 disciplina

138 2246 323 2290 confecta,
371 2245 462 2281 item
503 2244 707 2281 elocutione
748 2244 942 2291 perpolita.
1016 2243 1223 2291 significavi
1258 2242 1565 2279 adnominationis

142 2302 318 2351 exempla,
346 2314 438 2351 quae
462 2301 642 2350 incipiunt
664 2301 704 2338 in
727 2301 932 2350 prooemio,
969 2300 1226 2349 frequentiora
1257 2303 1345 2337 sunt
1375 2299 1414 2336 in
1436 2311 1565 2337 narra-

142 2360 244 2397 tione
270 2363 309 2396 et
334 2359 489 2407 epilogo,
515 2359 700 2396 cumulata
723 2358 763 2395 in
786 2359 1023 2405 probatione;
1049 2358 1130 2395 fere
1153 2357 1193 2393 in
1216 2357 1377 2394 eiusdem
1398 2357 1568 2395 vocabuli

140 2416 272 2453 formis
296 2416 417 2463 figura
440 2415 549 2461 ludit,
574 2415 640 2452 sed
663 2419 707 2452 ut
731 2414 881 2451 accedat
903 2415 1118 2462 plerumque
1138 2414 1342 2450 ἀπόθετον.
1382 2426 1463 2450 cum
1479 2425 1566 2462 qua=

141 2473 200 2510 vis
225 2473 435 2510 fabularum
463 2474 573 2520 parte
606 2475 760 2520 praeter
793 2471 965 2519 prologos
1002 2471 1065 2520 qui
1097 2470 1203 2508 huius
1235 2470 1412 2509 sermonis
1446 2471 1565 2508 elocu-

138 2530 278 2567 tionem
302 2529 523 2576 contulerit,
563 2541 636 2567 non
669 2528 812 2578 poterit
843 2528 1014 2566 dubitare
1048 2527 1137 2577 quin
1167 2527 1243 2565 ista
1265 2528 1468 2576 figurarum
1491 2527 1565 2575 fre7

143 2587 294 2638 quentia
318 2588 525 2627 rhetoricae
550 2587 613 2626 vel
636 2586 825 2625 oratoriae
848 2586 995 2637 prologi
1018 2585 1135 2624 indoli
1158 2584 1347 2624 debeatur.
