1782 2996
775 124 1012 163 -35-

178 220 327 259 dativus
350 219 424 258 fuit
448 232 554 269 quam
577 220 674 257 aulai
698 220 808 256 medio
832 219 1012 268 Vergilio.
1052 223 1216 258 ceterum
1238 222 1372 260 merito
1397 223 1599 271 Briegerus

177 278 225 328 (p.
250 277 395 325 XXIV)
419 276 458 314 id
482 277 578 326 quod
601 289 636 314 v.
660 276 733 314 454
756 277 963 315 sententiae
994 277 1100 314 addit
1123 278 1310 316 vindicare
1335 279 1501 326 studuit,
1526 280 1598 317 sal-

176 339 252 374 tem
275 336 372 385 quod
395 335 608 384 corporibus
644 334 809 372 omnibus
843 335 1073 373 coniunctum
1105 338 1165 374 est
1188 349 1233 374 ne
1258 336 1407 375 silentio
1431 340 1599 386 praeter-

176 393 371 438 mittatur;
396 404 480 428 nam
502 392 730 438 Bernaysius
756 392 891 438 (opusc.
916 392 958 427 H
973 393 1043 439 50),
1070 393 1132 440 qui
1155 394 1275 429 cluent
1295 406 1330 429 v.
1342 394 1413 429 449
1436 394 1599 431 indicare

176 449 349 500 opinatur
372 451 517 487 tantum
540 449 584 486 de
608 447 757 497 vulgari
781 448 949 497 opinione
974 452 1013 486 et
1036 449 1209 498 loquendi
1232 450 1495 488 consuetudine
1520 463 1597 488 ser·

175 520 316 544 monem
340 519 438 551 esse,
476 519 555 542 cum
579 506 624 541 de
648 508 753 541 tactu
776 506 1076 553 philosophorum
1100 508 1286 543 sententia
1321 508 1372 544 sit
1395 520 1469 544 non
1492 509 1597 555 vulgi

177 563 318 612 opinio,
343 576 416 600 non
438 561 657 611 persuadet,
683 573 725 598 eo
750 561 868 597 minus
894 561 990 610 quod
1011 564 1158 599 tantum
1182 563 1379 601 admonere
1402 566 1514 612 poeta
1537 564 1597 601 de-

175 622 286 658 bebat
309 621 365 657 rei
388 620 493 657 modo
517 622 688 656 accurate
712 621 980 666 pertractatae,
1005 632 1040 656 v.
1062 619 1135 656 434
1147 632 1224 668 sq.:

315 683 399 730 nam
423 692 669 741 quodcumque
693 692 778 737 erit,
803 703 884 728 esse
908 691 1047 740 aliquid
1070 692 1220 729 debebit
1243 693 1283 729 id
1306 693 1435 741 ipsum,

315 750 482 797 augmine
506 749 568 786 vel
590 748 724 796 grandi
748 748 809 785 vel
832 760 949 796 parvo
974 749 1138 797 denique,
1164 749 1250 785 dum
1273 750 1345 796 sit;

316 806 374 843 cui
398 806 431 842 si
454 808 577 842 tactus
602 805 677 841 erit
701 804 865 853 quamvis
889 805 984 841 levis
1009 806 1244 853 exiguusque,

315 863 480 912 corporis
505 862 656 911 augebit
678 875 868 900 numerum
892 874 1135 911 summamque
1160 865 1356 912 aequatum

315 921 373 957 sin
395 920 563 957 intactile
587 920 676 965 erit,
698 920 801 956 nulla
825 919 870 956 de
894 922 1002 967 parte
1027 920 1124 968 quod
1148 921 1262 957 ullam

313 990 392 1014 rem
414 977 610 1025 prohibere
635 980 746 1025 queat
769 989 838 1024 per
861 989 901 1013 se
925 977 1089 1013 transire
1113 980 1311 1023 meantem,

318 1035 458 1071 scilicet
482 1034 549 1070 hoc
572 1034 612 1070 id
636 1034 710 1070 erit
734 1045 886 1071 vacuum
910 1034 1008 1081 quod
1030 1034 1138 1071 inane
1162 1046 1343 1072 vocamus.

173 1107 267 1144 unde
291 1107 331 1143 id
354 1119 495 1155 quoque
528 1106 779 1153 intellegitur,
816 1118 881 1142 cur
915 1108 958 1142 ut
992 1110 1102 1142 tactus
1137 1107 1373 1154 corporibus,
1411 1108 1464 1144 sic
1498 1108 1594 1156 quod

172 1164 278 1212 tangi
301 1177 373 1201 non
397 1164 516 1212 possit
539 1163 640 1199 inani
663 1162 892 1200 coniunctum
916 1175 997 1200 esse
1020 1163 1186 1210 dicatur;
1218 1163 1339 1211 ἀναφῆ
1364 1165 1480 1212 φύσιν
1503 1165 1593 1214 Epi-

173 1234 281 1257 curus
306 1221 396 1257 dicit
422 1221 483 1267 (ad
506 1220 642 1256 Herod.
669 1222 689 1265 ξ
711 1220 793 1266 40),
829 1219 922 1255 nihil
945 1220 1037 1256 facit
1060 1232 1127 1256 nec
1150 1220 1296 1267 patitur
1331 1221 1423 1257 ἀλλὰ
1445 1224 1592 1268 κίνησιν

172 1279 288 1325 μόνον
312 1277 356 1314 δι’
384 1276 515 1314 ἑαυτοῦ
537 1282 614 1318 τοῖς
648 1277 788 1322 σώμασι
820 1275 1011 1322 παρέχεται
1044 1277 1081 1322 (ξ
1105 1276 1185 1323 67),
1223 1276 1453 1314 coniunctum
1487 1281 1546 1315 est
1570 1279 1593 1325 ἡ

172 1335 362 1371 ἀντιτυπία
386 1334 453 1380 μὲν
476 1340 542 1369 τοῦ
566 1335 739 1378 σώματος,
765 1331 853 1376 sigas·
876 1332 917 1368 δὲ
941 1339 1006 1369 τοῦ
1029 1339 1139 1369 κενοῦ
1164 1333 1279 1378 (Sext.
1304 1334 1410 1382 Emp.
1434 1335 1473 1370 X
1488 1335 1590 1382 221):

173 1402 264 1438 quae
289 1390 408 1426 omnia
431 1390 479 1425 ad
501 1390 540 1424 id
564 1388 720 1425 redeunt
744 1388 841 1436 quod
865 1401 936 1424 uno
961 1390 1074 1425 verbo
1092 1389 1279 1437 eloquitur
1293 1390 1446 1428 Lucreti
1461 1404 1495 1427 v.
1509 1392 1593 1428 454.

170 1447 244 1484 iam
268 1459 339 1495 qua
362 1446 507 1483 ratione
531 1445 675 1482 dicendi
697 1444 949 1482 enuntiaverit
983 1448 1094 1481 tactus
1128 1447 1327 1491 corporibus
1350 1449 1499 1492 cunctis,
1537 1448 1593 1484 in·

170 1508 282 1540 tactus
305 1505 406 1540 inani
428 1505 514 1551 post
539 1502 659 1538 omnia
683 1513 775 1549 quae
809 1501 926 1538 adhuc
962 1502 1150 1550 disputavi
1186 1502 1389 1541 edisserere
1424 1516 1592 1552 superse-

173 1561 239 1597 deo
255 1561 303 1607 ¹);
341 1560 444 1604 illud,
469 1572 515 1595 ne
546 1559 628 1607 quis
652 1559 809 1605 figuram
832 1558 1047 1606 philosopho
1080 1559 1267 1606 indignam
1290 1560 1446 1605 iudicet,
1472 1573 1593 1598 recor—

170 1617 254 1654 dari
276 1620 419 1661 moneo,
440 1628 511 1664 qua
534 1615 596 1653 via
607 1614 840 1651 Democritus
865 1615 913 1651 ad
937 1614 1001 1651 δέν
1024 1614 1119 1651 illud
1142 1628 1247 1652 suum
1271 1617 1495 1664 pervenerit.
1537 1618 1590 1654 ni-

171 1674 302 1710 mirum
326 1675 367 1710 τὸ
392 1674 584 1709 ἀντίθετον
609 1674 647 1708 et
671 1671 857 1708 notionem
882 1676 921 1708 et
945 1684 1070 1708 vocem
1094 1677 1286 1719 procreat,
1323 1687 1397 1710 non
1421 1686 1592 1722 graecam

170 1733 315 1767 tantum
339 1729 400 1766 vel
432 1729 607 1772 latinam3
643 1728 808 1775 exempla
833 1728 925 1764 dabo
961 1728 1183 1775 scriptorum
1215 1731 1429 1766 nostrorum
1460 1731 1590 1767 intima

168 1788 316 1834 linguae
347 1788 665 1834 perscrutatorum
696 1784 870 1821 Iohannis
902 1784 1011 1820 Pauli
1043 1784 1171 1832 (XVH
1204 1798 1239 1833 p.
1265 1785 1336 1822 214
1367 1786 1422 1823 ed.
1457 1788 1588 1834 1841):

168 1846 234 1880 ach
256 1845 321 1879 das
344 1844 554 1879 schlechteste
576 1854 625 1878 an
649 1843 711 1877 der
734 1842 939 1893 menscldwit
962 1842 1042 1876 oder
1066 1854 1123 1877 un
1132 1854 1247 1878 mens
1257 1843 1380 1879 chhei
1388 1847 1402 1879 t
1424 1844 1481 1889 ist,
1506 1845 1590 1880 dass

169 1902 248 1938 hein
271 1901 415 1944 mensch,
440 1900 518 1936 kein
539 1900 652 1945 fdrst,
677 1899 775 1935 keinc
798 1910 924 1935 zensur
952 1920 990 1925 —
1017 1898 1072 1934 die
1097 1899 1248 1935 bitterste
1270 1902 1353 1946 riiye
1375 1901 1435 1937 des
1459 1901 1590 1947 kn’eqes

169 1959 335 1994 verwehrt
358 1960 397 1994 et
420 1956 550 1994 Jacobi
567 1955 724 1993 Grimmi
748 1955 849 2002 (hist.
875 1955 963 2002 ling.
988 1967 1103 2002 germ.
1129 1969 1163 2004 p.
1178 1957 1281 2004 632):
1306 1958 1370 1993 wie
1392 1958 1494 1994 sticht
1517 1960 1591 1995 dies

168 2015 369 2060 unbeholfne
401 2014 554 2051 schieben
587 2014 648 2050 der
678 2013 770 2058 form
801 2013 842 2048 ab
871 2024 981 2058 ρερεη,
1003 2013 1068 2048 das
1093 2014 1303 2059 beholfne
1325 2015 1434 2051 durch
1456 2015 1590 2052 blossen

168 2073 300 2108 anlaut.
348 2072 445 2120 quod
468 2071 502 2108 si
524 2085 558 2108 v.
583 2071 655 2107 454
677 2072 779 2107 recte
803 2069 933 2114 habet,
972 2082 1084 2106 versu
1107 2071 1347 2108 antecedente
1370 2073 1469 2108 saxis
1493 2072 1587 2109 dati-

167 2141 253 2166 vum
275 2131 378 2165 recte
402 2128 585 2166 traditum
608 2140 689 2164 esse
713 2126 890 2171 dicemus,
928 2127 1020 2172 iynis
1044 2129 1083 2163 et
1106 2140 1216 2173 aquae
1248 2128 1381 2165 vitium
1403 2129 1586 2176 traxisse;

168 2186 296 2234 quibus
321 2198 409 2232 una,
437 2189 612 2235 quantum
635 2184 753 2231 video,
778 2183 920 2221 medela
943 2184 1071 2232 parari
1094 2187 1230 2233 potest,
1255 2188 1298 2223 ut
1322 2186 1524 2224 scribatur:

306 2258 446 2305 pondus
471 2258 530 2295 uti
553 2257 670 2303 saxis,
695 2256 796 2293 calor
820 2256 983 2304 ignibus,
1007 2256 1130 2305 liquor
1155 2258 1259 2305 aquis
1285 2260 1358 2303 est,

306 2317 431 2353 tactus
456 2316 669 2364 corporibus
695 2313 846 2360 cunctis,
871 2313 1034 2352 intactus
1058 2314 1160 2351 inani

246 2460 274 2497 1)
293 2458 516 2489 Lachmannum
536 2460 568 2490 id
587 2469 647 2490 non
666 2460 857 2497 perspexisse
876 2468 949 2489 sane
968 2459 1096 2497 mireris,
1117 2459 1169 2490 sed
1189 2460 1267 2490 idem
1280 2459 1355 2490 illud
1368 2460 1499 2491 accubuo
1515 2464 1586 2498 post

165 2507 290 2538 assiduo
307 2507 408 2537 iocose
427 2507 539 2538 elatum
558 2517 592 2539 se
611 2510 680 2539 ‘non
699 2508 818 2546 capere’
845 2507 923 2539 dixit
943 2507 995 2538 ubi
1013 2508 1085 2538 item
1105 2508 1143 2538 de
1171 2508 1349 2540 formatione
1379 2509 1481 2548 alique
1499 2517 1585 2540 vocs-
1639 2534 1644 2545 ,

166 2556 304 2589 bulorum
324 2556 419 2598 legem
439 2558 580 2599 exposuit
598 2567 628 2599 p.
649 2559 716 2589 30⁷.
