1782 2996
807 106 1042 145 -39—

214 204 370 240 mill-imis
394 205 497 241 rebus
519 205 655 241 misceri
679 207 712 239 et
734 204 920 249 temperari
934 206 1052 248 potest.
1090 203 1149 239 hic
1164 203 1309 251 quidem
1323 203 1469 240 Mureto
1487 206 1638 247 auctore

218 272 340 296 omnes
365 260 583 297 deleverunt
606 264 637 296 et
660 260 840 303 malorum,
864 259 1005 306 figurae
1031 259 1172 296 scilicet
1189 259 1321 306 ignari.
1359 259 1496 295 iterum
1513 259 1640 306 graeci

218 318 434 366 comparabo
458 317 620 355 auctoris
647 315 850 365 exemplum
884 315 1076 353 admodum
1105 316 1188 353 huic
1212 315 1383 353 Tulliano
1419 315 1637 364 appositum,

217 376 332 411 verba
357 375 551 423 scriptoris
575 375 620 411 de
646 373 872 411 sublimitate
897 374 1027 421 quibus
1051 374 1099 410 ad
1122 375 1378 421 argumentum
1394 373 1483 410 libri
1497 373 1639 409 accedit

217 431 331 484 (2,1);
357 432 443 478 ἡμῖν
468 432 499 468 δ’
527 432 644 468 ἐκεῖνο
669 430 909 478 διαπορητέον
933 430 974 466 ἐν
998 430 1104 479 ἀρχῇ,
1129 433 1164 467 εἰ
1186 433 1285 467 ἔστιν
1308 431 1426 474 ὕψους
1449 444 1505 472 τις
1527 430 1550 476 ἣ
1574 430 1638 476 βά-

217 492 312 531 θους
334 488 450 536 τέχνη.
491 501 557 526 nec
581 487 781 526 eiciendum
804 491 863 525 est
886 488 908 534 ἢ
932 488 1074 534 βάθους
1097 501 1182 525 cum.
1201 487 1329 524 Iahnio
1353 500 1421 525 nec
1444 500 1525 524 cum
1553 486 1637 523 aliis

217 546 478 582 emendandum
501 558 629 593 neque
664 545 776 596 etiam
811 545 867 581 ita
901 547 944 581 ut
967 544 1224 581 Rothsteinius
1259 544 1348 581 fecit
1384 544 1443 591 (cf.
1477 544 1638 580 Hermae

214 601 329 637 XXII
352 602 442 649 538)
460 601 743 646 defendendum,
778 601 845 638 sed
876 600 1019 638 locutus
1045 604 1104 638 est
1129 601 1290 648 scriptor
1314 603 1358 637 ut
1381 600 1471 637 fecit
1496 612 1637 636 omnem

216 658 320 705 quasi
343 659 553 695 altitudinis
579 661 618 695 et
641 658 908 706 profunditatis
943 658 1129 705 regionem
1162 658 1320 694 dictione
1354 670 1634 705 permensurus3

214 718 291 751 tam
314 715 469 752 fortiter
493 717 617 752 autem
641 727 705 751 cur
730 714 798 751 hoc
820 715 900 751 loco
924 714 1068 751 locutus
1093 715 1144 752 sit
1169 714 1361 763 sequentia
1381 715 1496 751 verba
1512 716 1634 750 osten-

215 772 322 809 dunt:
349 772 429 809 ἐπεί
449 786 546 815 τινες
570 772 663 815 ὅλως
686 776 825 810 οἴονται
850 773 1095 819 διηπατῆσθαι
1119 775 1205 815 τοὺς
1238 773 1281 808 τὰ
1305 777 1453 808 τοιαῦτα
1476 772 1631 818 ἄγοντας

215 831 268 871 εἰς
289 830 433 876 τεχνικὰ
456 829 745 876 παραγγέλματα.
783 829 1017 867 adversarios
1042 830 1160 876 igitur
1185 828 1446 866 contendentes
1468 828 1634 864 audimus

213 886 392 932 μηδεμίαν
416 883 509 922 εἶναι
534 886 652 930 ὕψους
676 886 697 933 ἢ
721 886 864 933 βάθους
886 886 1015 934 τέχνην
1030 886 1067 934 1).
1121 886 1216 922 alius
1242 886 1401 934 optimus
1426 887 1557 922 auctor
1581 884 1633 921 la-

214 942 376 979 tinitatis
401 943 580 979 Horatius
616 946 684 979 est.
741 943 804 990 qui
834 943 931 990 quod
962 955 1071 978 carm.
1102 943 1144 978 Π
1169 943 1224 987 18,
1237 943 1284 978 38
1316 942 1407 978 dicit
1438 944 1494 977 hic
1526 943 1637 977 levare

210 999 365 1043 functum
384 1011 571 1043 pauperem
596 999 769 1034 laboribus
791 1002 927 1034 vocatus
951 1002 1049 1043 atquc
1072 1010 1140 1034 non
1157 1002 1294 1033 vocatus
1309 999 1408 1033 audit
1424 998 1532 1044 (quae
1547 1001 1636 1044 apte

214 1054 372 1091 contulit
406 1054 601 1092 Classenus
636 1054 882 1102 Thucydideis
914 1054 936 1090 I
960 1054 1029 1090 118
1062 1054 1121 1090 καὶ
1157 1054 1265 1096 αὐτὸς
1289 1056 1359 1101 ἔφη
1384 1054 1634 1100 ξυλλήψεσθαι

214 1111 273 1147 καὶ
298 1113 617 1158 παρακαλούμενος
639 1111 699 1147 καὶ
723 1111 889 1157 ἄκλητος)
913 1111 975 1148 vel
999 1112 1102 1158 epod.
1119 1113 1152 1156 5,
1169 1112 1217 1147 48
1242 1112 1393 1147 Canidia
1415 1113 1540 1147 rodens
1558 1112 1636 1155 pol-

214 1170 308 1203 licem
331 1170 414 1213 quid
429 1170 518 1204 dixit
535 1172 596 1203 aut
610 1169 692 1213 quid
708 1167 840 1204 tacuit?
863 1168 1060 1215 utrubique
1083 1180 1151 1215 per
1175 1167 1402 1203 contrarium
1424 1167 1634 1204 universam

213 1237 291 1261 rem
315 1225 570 1272 complectitur
594 1237 638 1261 ac
661 1225 808 1261 faHitur
833 1225 981 1272 egregie
1002 1224 1273 1271 Kiesslingius,
1300 1223 1363 1272 qui
1385 1237 1427 1261 eo
1453 1224 1550 1272 quod
1574 1228 1633 1261 est

214 1282 295 1326 quid
319 1283 425 1316 tacuit
449 1281 555 1328 quasi
574 1281 712 1327 corrigi
735 1281 830 1316 illud
851 1282 935 1325 quid
959 1282 1048 1316 dixit
1073 1284 1250 1325 autumat,
1276 1293 1356 1316 cum
1380 1280 1554 1316 Canidiae
1578 1292 1633 1316 se-

213 1349 327 1385 quens
352 1337 472 1374 oratio
498 1350 571 1375 non
593 1336 867 1385 pronuntianda
897 1336 1038 1374 sciJicet
1070 1337 1135 1374 sed
1165 1336 1394 1374 mussitanda
1418 1336 1558 1385 scripta
1583 1337 1634 1374 sit

213 1406 237 1430 a
259 1396 379 1442 poeta.
439 1397 541 1431 recte
566 1407 655 1431 vero
680 1394 776 1430 idem
799 1394 848 1430 ad
871 1396 944 1430 art.
969 1396 1066 1441 poet.
1093 1394 1161 1429 113
1187 1395 1338 1430 Romani
1362 1395 1485 1430 tollent
1506 1395 1634 1439 equites

206 1450 403 1496 peditesque
427 1452 639 1487 cachinnum.
696 1463 767 1498 quo
793 1450 1044 1498 contraposito
1071 1452 1193 1487 totum
1225 1451 1413 1487 theatrum
1437 1450 1631 1498 significat,

211 1510 255 1545 ut
278 1507 453 1544 Plautum
475 1508 584 1545 Poen.
610 1508 679 1544 832
705 1509 845 1554 equitem
864 1509 1012 1553 peditem
1037 1520 1159 1545 omnes
1184 1508 1360 1555 ingenuos
1391 1508 1630 1556 complecten-

212 1566 288 1601 tem
312 1565 450 1601 dixisse
474 1564 660 1601 adnotavi.
720 1564 785 1600 sed
808 1565 876 1600 hoc
899 1564 1059 1601 interest
1083 1565 1182 1601 inter
1205 1565 1342 1601 Horati
1366 1567 1405 1601 et
1428 1564 1556 1601 Plauti
1578 1565 1631 1600 lo-

212 1633 311 1658 cum:
342 1621 522 1658 Horatius
547 1621 689 1669 equites
714 1620 878 1657 nominat
901 1625 945 1657 ut
969 1621 1162 1658 cultiorem
1192 1624 1443 1669 spectatorum
1473 1624 1630 1669 partem,

212 1678 265 1714 eis
291 1691 370 1714 cum
394 1678 556 1714 acumine
580 1678 748 1725 adiungit
763 1678 907 1725 pedites
922 1678 959 1724 ²),
984 1678 1141 1714 Plautus
1165 1681 1307 1723 quodvis
1327 1691 1438 1724 qenus
1459 1680 1632 1714 hominum

211 1735 250 1771 in
272 1734 414 1771 lenonis
438 1734 589 1771 aedibus
614 1735 760 1772 versari
784 1734 906 1771 dicens
933 1737 1123 1771 enumerat
1147 1737 1288 1780 equitem
1306 1736 1475 1780 peditem,
1501 1736 1630 1771 liberti-

211 1804 305 1839 num,
325 1793 438 1838 furem
460 1793 640 1838 fuyitivom
662 1793 872 1829 verberatum
894 1794 1045 1830 vinetum
1069 1793 1251 1836 addictum,
1276 1792 1316 1829 id
1339 1794 1398 1830 est
1421 1794 1501 1829 tres
1518 1792 1629 1829 homi-

210 1863 296 1887 num
320 1849 477 1894 ordines,
503 1851 615 1897 atque
640 1862 831 1886 servorum
856 1850 1000 1898 quidem
1022 1862 1137 1897 genus
1162 1862 1208 1886 ex
1231 1850 1285 1886 eis
1310 1861 1402 1898 quae
1425 1850 1506 1897 agit
1523 1862 1629 1898 quae-

211 1920 280 1957 que
304 1907 449 1956 patitur
471 1907 598 1944 multis
622 1907 824 1945 nominibus
849 1909 968 1953 notat,
993 1907 1252 1945 libertinorum
1275 1909 1532 1945 commemorat
1547 1910 1627 1945 tan-

210 1969 300 2008 tum,
324 1965 500 2012 ingenuos
526 1964 735 2012 significans
760 1965 968 2002 contrarias
992 1965 1160 2002 notiones
1185 1965 1344 2002 conectit
1368 1968 1411 2002 ut
1435 1965 1517 2002 fieri
1533 1966 1630 2003 solet

212 2021 252 2058 in
274 2021 430 2058 talibus:
467 2023 582 2058 omnia
602 2023 714 2067 fanda
737 2023 906 2067 nefanda,
937 2034 1045 2067 aequa
1069 2025 1101 2057 et
1124 2023 1246 2067 iniqua
1264 2023 1402 2068 ferunt,
1439 2034 1509 2058 non
1532 2033 1631 2058 sacro

210 2090 280 2115 non
287 2079 435 2125 profano
450 2080 676 2126 abstinebant,
700 2079 772 2116 oce
789 2080 880 2127 ὀργή
893 2089 933 2116 σε
945 2080 1109 2126 κρηγύην
1125 2080 1209 2116 οὔτε
1224 2079 1379 2127 βέβηλος
1395 2081 1499 2116 αἰνεῖ.
1535 2091 1627 2128 quae

210 2135 331 2183 figura
355 2148 435 2172 cum
458 2136 578 2184 specie
602 2136 798 2173 consimilis
824 2136 875 2173 sit
899 2136 934 2173 ei
958 2137 1003 2173 de
1027 2148 1099 2184 qua
1122 2136 1282 2184 agimus,
1319 2149 1362 2173 re
1385 2137 1535 2174 diversa
1557 2139 1627 2174 est.

290 2307 319 2345 1)
339 2306 374 2336 In
393 2307 500 2337 Dionis
521 2307 724 2345 chrysostomi
755 2307 854 2337 verbis
884 2307 928 2336 111
949 2308 986 2337 28
1016 2309 1074 2336 νῦν
1103 2303 1138 2336 δὲ
1168 2306 1237 2337 οὔτε
1266 2305 1373 2344 ἰατρὸν
1403 2306 1512 2340 ἄλλους
1540 2316 1629 2340 τινας

209 2354 336 2385 ἀκούειν
355 2352 375 2391 ἢ
395 2353 494 2392 λέγειν
512 2354 621 2393 λόγους
639 2356 739 2393 φαίην
758 2354 799 2385 ἂν
820 2354 922 2393 ὀρθῶς
941 2353 960 2392 ἢ
980 2355 1050 2389 τοὺς
1069 2355 1141 2393 περὶ
1161 2356 1279 2394 ὑγιείας
1304 2356 1441 2394 σώματος
1460 2354 1515 2385 καὶ
1535 2353 1628 2385 νόσου

208 2404 328 2435 tametsi
347 2412 449 2434 verum
468 2409 515 2435 est
535 2405 614 2443 quod
634 2405 786 2435 Arnimius
806 2404 985 2443 significavit
1011 2405 1050 2434 ad
1076 2407 1254 2435 sententiam
1281 2410 1398 2436 tantum
1424 2406 1576 2443 pertinere
1595 2404 1630 2434 ἀ-

209 2452 324 2490 κούειν,
343 2456 443 2482 tamen
462 2454 563 2483 nescio
583 2462 623 2483 an
642 2454 742 2483 delere
761 2462 821 2484 non
840 2454 932 2483 liceat
951 2451 971 2490 ἢ
990 2451 1098 2490 λέγειν.

286 2502 317 2541 2)
336 2500 386 2531 Sic
405 2501 586 2540 Pomponius
616 2503 647 2532 in
673 2502 862 2540 Prostibulo,
889 2502 942 2533 sed
960 2503 1127 2540 praemisso
1146 2504 1264 2534 nomine
1284 2503 1364 2542 quod
1383 2512 1506 2535 acumen
1526 2504 1627 2543 hnbet,

208 2561 236 2585 v.
256 2552 330 2584 154:
351 2559 427 2592 quae
441 2550 595 2591 pedit-vua
613 2552 722 2584 nubere
737 2555 885 2592 poterant,
905 2551 1016 2591 equites
1034 2555 1157 2592 sperant
1175 2561 1309 2593 spurcae.
