1782 2996
256 323 394 361 Verbis
418 323 569 361 lndendi
592 322 693 360 latus
719 334 866 373 campus
892 328 960 369 est,
985 337 1100 373 neque
1126 324 1297 362 continuo
1320 323 1369 362 ad
1392 326 1512 370 artem
1528 335 1585 361 re-

163 382 324 417 feremus
348 393 394 417 ne
419 392 463 417 ea
487 380 633 428 quidem
657 391 749 427 quae
772 382 944 418 rhetores
968 382 1007 417 in
1038 381 1254 429 disciplinae
1288 381 1453 418 ordinem
1483 381 1587 418 rede-

164 439 321 484 gerunt;
347 437 440 474 satis
465 437 562 473 enim
586 449 632 473 ex
647 436 876 481 Quintiliano
901 438 1033 474 scimus
1058 449 1166 486 quam
1190 437 1341 474 difficile
1357 437 1475 474 fuerit
1490 437 1585 474 artis

165 493 410 541 scriptoribus
446 506 649 530 sermonem
679 494 906 531 naturaliter
930 495 1129 542 figuratum
1163 495 1209 531 ab
1244 494 1445 531 artificioso
1470 506 1586 531 secer—

163 562 262 586 nere.
301 553 389 586 ante
405 550 527 586 omnia
542 550 659 597 igitur
675 550 897 587 testimoniis
923 564 1012 598 opus
1038 553 1097 587 est
1121 551 1251 598 quibus
1270 550 1415 587 dicendi
1437 550 1586 598 aliquod

162 618 278 654 genus
312 608 359 642 ab
393 606 478 642 aliis
511 618 653 654 quoque
687 606 931 654 scriptoribus
964 607 1009 643 de
1038 607 1224 643 industria
1254 611 1473 654 usurpatum
1505 619 1585 643 esse

165 664 443 710 comprobetur;
481 663 577 699 unde
610 662 855 710 probabiliter
889 664 1022 700 saltem
1054 663 1099 700 de
1133 663 1291 700 artificio
1325 676 1392 711 per
1427 663 1586 700 scholam

163 719 362 755 litterasve
386 718 530 755 tradito
555 719 766 754 coniectura
788 720 864 755 fiet.
913 720 1026 764 Velut,
1052 722 1096 755 ut
1112 720 1196 755 hinc
1210 719 1392 766 incipiam,
1417 719 1586 756 vocabuli

165 775 272 811 unius
296 775 435 811 formas
460 774 523 811 vel
553 774 660 810 unius
695 774 825 822 stirpis
860 776 1038 812 vocabula
1070 775 1276 820 cumulare,
1312 777 1356 812 ut
1388 775 1495 812 unius
1529 775 1586 812 rei

164 832 267 867 notio
292 843 401 867 aures
426 831 655 879 animumque
681 832 902 878 spectatoris
927 832 1099 879 impleat,
1123 833 1297 879 frequens
1320 831 1457 869 Plauto
1481 832 1583 868 lusus

164 890 242 925 est:
280 888 414 924 Pseud.
440 888 511 924 940
534 900 712 924 memorem
743 890 968 924 immemorem
994 890 1080 934 facit
1103 890 1163 934 qui
1195 893 1306 924 monet
1338 889 1427 934 quod
1459 900 1585 924 memor

161 947 329 989 meminit,
355 945 463 993 Capt.
488 945 560 981 774
584 946 635 981 ita
665 946 719 981 laic
741 957 793 981 me
827 947 1030 982 amoenitate
1059 957 1204 982 amoena
1234 957 1397 982 amoenus
1431 942 1585 982 onffivit

162 1003 252 1045 dies,
277 1001 410 1049 Amph.
427 1002 498 1037 278
523 1005 659 1046 optumo
683 1004 815 1045 optume
837 1006 1008 1046 optumam
1030 1014 1167 1047 operam
1190 1003 1265 1047 das,
1291 1001 1373 1038 Cas.
1398 1002 1468 1038 826
1492 1003 1584 1038 mala

163 1059 274 1094 malae
297 1060 384 1094 male
406 1061 575 1093 monstrat
600 1060 639 1094 et
664 1069 754 1105 quae
779 1057 857 1094 eius
882 1058 1028 1105 generis
1053 1058 1128 1094 alia
1151 1057 1285 1095 attulit
1308 1058 1510 1094 Lorenzius
1535 1059 1584 1094 ad

164 1114 297 1150 Pseud.
332 1114 419 1160 648;
457 1114 547 1150 item
577 1114 739 1150 Naevius
774 1126 863 1150 com.
900 1127 934 1150 v.
961 1115 1008 1150 90
1042 1126 1227 1159 numquam
1262 1116 1442 1160 quisquam
1475 1116 1583 1150 amico

163 1172 297 1206 amanti
319 1172 433 1206 amica
456 1172 563 1206 nimis
584 1172 641 1215 fiet
663 1170 787 1215 fidelis.
850 1170 915 1206 sed
943 1170 1078 1206 similia
1108 1172 1236 1207 notum
1267 1174 1327 1207 est
1351 1170 1463 1207 etiam
1486 1171 1584 1219 apud

162 1227 327 1274 tragicos
351 1230 482 1274 poetas
506 1238 659 1273 graecos
684 1226 844 1263 inveniri
868 1227 925 1274 (ut
949 1239 1029 1263 cum
1054 1226 1209 1263 Casinae
1232 1239 1354 1272 versu,
1381 1227 1477 1275 quod
1500 1239 1582 1263 eon-

162 1284 286 1320 silium
308 1285 441 1330 poetae
465 1283 622 1327 attinet,
655 1285 741 1329 apte
766 1285 1004 1330 componetur
1027 1282 1208 1329 Aeschyli
1229 1283 1334 1319 Pers.
1360 1283 1453 1319 1012
1477 1285 1583 1319 δόσιν

161 1342 277 1377 κακὰν
300 1346 421 1376 κακῶν
444 1339 598 1386 κακοῖς),
624 1339 713 1376 item
728 1338 937 1387 philosophi
952 1339 1099 1388 aliique,
1125 1339 1188 1388 qui
1203 1352 1282 1376 rem
1297 1339 1457 1388 aliquam
1475 1351 1582 1388 saepe

162 1410 351 1445 semperve
375 1397 438 1434 vel
463 1396 577 1434 etiam
600 1408 777 1444 nusquam
801 1396 884 1433 fieri
914 1409 994 1433 oum
1026 1397 1066 1433 vi
1096 1397 1339 1445 pronuntiare
1369 1396 1505 1442 velint,
1542 1397 1582 1433 id

161 1455 283 1502 ipsum
305 1459 396 1499 πᾶν,
421 1454 535 1497 πολύ,
561 1453 661 1495 ὅσον,
694 1452 805 1489 οὐδέν
839 1453 1041 1500 tripliciter
1074 1453 1253 1498 reddunt,
1291 1453 1397 1490 velut
1421 1453 1580 1500 Gorgias

162 1511 244 1547 Hel.
272 1511 318 1547 18
341 1511 458 1547 πολλὰ
481 1508 522 1546 δὲ
546 1512 696 1552 πολλοῖς
719 1512 866 1546 πολλῶν
897 1511 1011 1557 ἔρωτα
1039 1509 1099 1546 καὶ
1131 1511 1254 1546 πόθον
1285 1510 1508 1557 ἐνεργάζεται
1542 1512 1581 1547 et

159 1567 356 1604 Lucretius
380 1567 402 1602 I
425 1566 497 1602 814
520 1567 603 1612 quia
625 1567 733 1601 multa
756 1567 867 1602 modis
890 1568 1082 1602 communia
1111 1567 1227 1602 multis
1256 1567 1443 1602 multarum
1465 1578 1582 1603 rerum

159 1628 199 1661 in
222 1626 323 1660 rebus
341 1624 539 1669 primordia
561 1624 672 1658 mixta
694 1627 800 1668 sunt,·
825 1622 925 1659 cuius
950 1636 1038 1659 usus
1063 1623 1229 1671 exempla
1252 1622 1356 1660 dedit
1376 1622 1580 1660 Lobeckius

160 1681 209 1717 ad
233 1681 383 1717 Aiacem
407 1693 441 1727 p.
468 1680 549 1716 315.
605 1680 643 1715 in
676 1679 860 1716 comoedia
892 1680 955 1727 qui
985 1684 1138 1727 quaeret
1165 1692 1239 1716 non
1269 1679 1388 1716 multa
1417 1679 1580 1717 inveniet

159 1737 302 1774 tinnitu
323 1740 470 1773 tantum
494 1740 533 1772 et
556 1736 746 1772 nimietate
772 1736 965 1783 conspicua
988 1736 1096 1783 quale
1121 1737 1357 1773 decantatum
1379 1735 1473 1771 illud
1495 1736 1579 1771 Phi-

159 1793 313 1830 lemonis
339 1792 457 1840 (Stob.
482 1792 544 1828 III
568 1792 623 1837 19,
648 1792 671 1828 2
695 1805 730 1840 p.
747 1792 819 1829 530
835 1792 897 1840 Η.)
921 1793 940 1829 ὁ
965 1794 1146 1840 λοιδορῶν
1170 1793 1251 1839 γὰρ,
1275 1792 1322 1828 ἂν
1346 1792 1366 1829 ὁ
1391 1793 1579 1839 λοιδορού-

158 1865 269 1898 μενος
292 1851 342 1897 μὴ
366 1855 618 1896 προσποιῆται,
644 1851 863 1896 λοιδορεῖται
887 1851 1077 1897 λοιδορῶν.
1120 1861 1205 1886 nam
1228 1849 1378 1886 adferre
1401 1861 1475 1885 non
1491 1849 1579 1887 lieet

158 1920 226 1944 nec
248 1906 451 1944 Menandro
476 1906 661 1942 ascribere
686 1907 783 1954 quod
806 1906 845 1942 in
865 1906 1059 1943 Menandri
1082 1909 1122 1943 et
1137 1905 1369 1943 Philistionis
1395 1913 1588 1954 compara-'

157 1965 259 2002 tione
283 1963 425 2011 legitur
450 1964 469 2000 ὁ
486 1963 600 2009 γέλως
622 1963 668 1999 ἂν
691 1964 740 2009 μὴ
766 1958 790 2010 ᾖ
813 1968 880 1999 τοῦ
903 1962 1058 2008 γέλωτος
1074 1963 1184 2009 ἄξιος,
1209 1963 1318 2005 αὐτὸς
1334 1961 1497 2009 πέφυκεν
1512 1969 1578 1999 τοῦ

156 2022 314 2068 γέλωτος
337 2021 541 2067 κατάγελως
563 2019 820 2067 (Studemundi
843 2019 917 2055 ind.
942 2019 1026 2056 lect.
1053 2019 1212 2057 Vratisl.
1231 2019 1334 2064 1887,
1359 2019 1408 2055 30
1430 2031 1465 2056 v.
1484 2018 1577 2066 157),

155 2079 272 2116 verba
295 2077 434 2115 insulse
458 2077 547 2114 ficta
571 2077 766 2113 secundum
780 2076 973 2113 Menandri
996 2076 1124 2122 iocum,
1150 2088 1257 2125 quem
1280 2075 1385 2113 nobis
1411 2076 1577 2113 servavit

155 2136 313 2172 Plautus
340 2134 456 2172 Stich.
481 2134 552 2170 630
586 2135 693 2181 (nunc
717 2145 776 2180 eqo
799 2134 877 2170 nolo
901 2145 942 2170 ex
970 2133 1144 2170 Gelasimo
1167 2134 1252 2170 mihi
1272 2133 1352 2178 fieri
1376 2137 1408 2169 te
1436 2133 1577 2180 catage-

156 2192 341 2240 lasimum),
367 2190 569 2239 repetitum
591 2190 696 2227 illum
719 2191 765 2228 ab
781 2189 1033 2239 Aristophane
1056 2190 1118 2239 (cf.
1136 2192 1277 2238 quaest.
1296 2188 1419 2226 Plaut.
1438 2189 1522 2236 123)
1535 2189 1577 2237 ¹);

236 2323 266 2361 1)
285 2322 369 2361 Quae
388 2321 432 2352 ibi
457 2321 549 2352 attuli
576 2330 594 2351 s.
614 2321 779 2353 Menandro
806 2321 935 2360 aliisque
959 2330 1054 2352 novae
1080 2320 1253 2352 comoediae
1279 2318 1378 2357 poetis
1405 2327 1443 2349 ex
1461 2319 1578 2350 Aristo—

154 2372 264 2410 phanis
284 2376 435 2402 certorum
455 2371 590 2401 locorum
609 2372 751 2401 memoris
770 2371 945 2408 composita,
966 2371 1009 2401 eis
1029 2370 1141 2401 addere
1160 2370 1244 2399 iuvat
1263 2367 1370 2398 Pseud.
1392 2369 1449 2399 360
1460 2377 1504 2406 sq.
1524 2369 1577 2398 nbi

154 2420 234 2459 quod
254 2420 353 2450 Ballio
373 2420 442 2450 leno
462 2418 612 2450 Pseudolo
633 2424 664 2449 et
684 2419 824 2450 Calidoro
844 2419 923 2449 mals
940 2419 1036 2449 multa
1059 2417 1264 2456 ingerentibus
1289 2416 1389 2447 verbis
1416 2417 1578 2454 respondet

153 2469 311 2500 mitissime
330 2468 450 2507 singula
478 2468 614 2499 convicia
642 2468 856 2507 recipientibus
876 2473 907 2499 et
927 2467 1159 2506 agnoscentibus
1188 2466 1259 2504 (hoe
1279 2465 1382 2496 inodo:
1412 2465 1575 2504 Impuds'ce.

152 2518 241 2548 Itast.
283 2517 416 2548 Scelesta.
454 2517 544 2547 Dicis
561 2525 641 2546 vera.
686 2517 817 2547 Verbera.
863 2516 1034 2555 Quippini?
1071 2515 1244 2552 Bucar-ape.
1296 2514 1389 2545 Certo.
1427 2514 1575 2551 Fiat-effer.

152 2566 281 2596 Faetus·
301 2568 418 2604 omum
437 2565 557 2603 e.q.s.),
576 2565 622 2595 ita
641 2572 703 2595 rem
722 2564 856 2595 instituit
875 2566 989 2602 primus
1010 2567 1155 2602 quantum
1173 2564 1237 2593 scio
1256 2561 1475 2601 Aristophanes
1496 2563 1575 2594 Ναὶ).

152 2617 266 2655 909sq.
286 2619 341 2647 τοῦ
360 2615 473 2647 ἀδίκου
491 2614 584 2655 λόγου
605 2616 828 2655 impudentiam,
848 2621 883 2648 nt
902 2617 956 2648 ille
975 2615 1109 2654 lenonis,
1128 2613 1303 2646 illustrans:
1330 2613 1527 2653 Καταπύγων
1547 2614 1579 2647 εἶ

149 2667 380 2707 κάναίσχυντος.
417 2666 514 2700 ‘Pacu
534 2666 563 2707 μ’
585 2668 718 2706 εἴρηκας.
758 2666 822 2698 Καὶ
841 2666 1023 2709 βωμολόχος.
1064 2667 1191 2705 Kelusa
1212 2670 1385 2704 στεφανοῖς.
1433 2667 1497 2699 Καὶ
1517 2677 1576 2700 πα-
